%% This BibTeX bibliography file was created using BibDesk.
%% http://bibdesk.sourceforge.net/


%% Created for Michael King at 2013-12-05 14:57:13 -0600 


%% Saved with string encoding Unicode (UTF-8) 



@article{dasgupta2007effect,
	Author = {DasGupta, S and Witulski, AF and Bhuva, BL and Alles, ML and Reed, RA and Amusan, OA and Ahlbin, JR and Schrimpf, RD and Massengill, LW},
	Date-Added = {2013-12-05 20:56:31 +0000},
	Date-Modified = {2013-12-05 20:56:41 +0000},
	Journal = {IEEE Trans. Nucl. Sci.},
	Number = {6},
	Pages = {2407--2412},
	Publisher = {IEEE},
	Title = {Effect of well and substrate potential modulation on single event pulse shape in deep submicron CMOS},
	Volume = {54},
	Year = {2007}}

@article{gadlage2004single,
	Author = {Gadlage, Matthew J and Schrimpf, Ronald D and Benedetto, Joseph M and Eaton, Paul H and Mavis, David G and Sibley, Mike and Avery, Keith and Turflinger, Thomas L},
	Date-Added = {2013-12-05 20:55:42 +0000},
	Date-Modified = {2013-12-05 20:56:17 +0000},
	Journal = {IEEE Trans. Nucl. Sci.},
	Number = {6},
	Pages = {3285--3290},
	Publisher = {IEEE},
	Title = {Single event transient pulse widths in digital microcircuits},
	Volume = {51},
	Year = {2004}}

@article{kauppila2009bias,
	Author = {Kauppila, Jeffrey S and Sternberg, Andrew L and Alles, Michael L and Francis, A Matt and Holmes, Jim and Amusan, Oluwole A and Massengill, Lloyd W},
	Date-Added = {2013-12-05 20:53:48 +0000},
	Date-Modified = {2013-12-05 20:53:57 +0000},
	Journal = {IEEE Trans. Nucl. Sci.},
	Number = {6},
	Pages = {3152--3157},
	Publisher = {IEEE},
	Title = {A bias-dependent single-event compact model implemented into BSIM4 and a 90 nm CMOS process design kit},
	Volume = {56},
	Year = {2009}}

@article{edmonds2010theoretical,
	Author = {Edmonds, Larry D},
	Date-Added = {2013-12-05 20:36:21 +0000},
	Date-Modified = {2013-12-05 20:36:21 +0000},
	Journal = {IEEE Trans. Nucl. Sci.},
	Number = {2},
	Pages = {818--830},
	Publisher = {IEEE},
	Title = {A theoretical analysis of steady-state charge collection in simple diodes under high-injection conditions},
	Volume = {57},
	Year = {2010}}

@article{edmonds1997charge,
	Author = {Edmonds, Larry D},
	Date-Added = {2013-12-05 20:34:10 +0000},
	Date-Modified = {2013-12-05 20:34:10 +0000},
	Journal = {IEEE Trans. Nucl. Sci.},
	Number = {3},
	Pages = {1448--1463},
	Publisher = {IEEE},
	Title = {Charge collection from ion tracks in simple EPI diodes},
	Volume = {44},
	Year = {1997}}

@article{edmonds1998electric,
	Author = {Edmonds, Larry D},
	Date-Added = {2013-12-05 20:33:55 +0000},
	Date-Modified = {2013-12-05 20:33:55 +0000},
	Journal = {IEEE Trans. Nucl. Sci.},
	Number = {6},
	Pages = {3153--3164},
	Publisher = {IEEE},
	Title = {Electric currents through ion tracks in silicon devices},
	Volume = {45},
	Year = {1998}}

@article{edmonds2011extension,
	Author = {Edmonds, Larry D},
	Date-Added = {2013-12-05 20:33:38 +0000},
	Date-Modified = {2013-12-05 20:33:38 +0000},
	Journal = {IEEE Trans. Nucl. Sci.},
	Number = {6},
	Pages = {3333--3342},
	Publisher = {IEEE},
	Title = {Extension of the ADC charge-collection model to include multiple junctions},
	Volume = {58},
	Year = {2011}}

@article{edmonds2011theoretical,
	Author = {Edmonds, Larry D},
	Date-Added = {2013-12-05 20:33:37 +0000},
	Date-Modified = {2013-12-05 20:33:37 +0000},
	Journal = {IEEE Trans. Nucl. Sci.},
	Number = {5},
	Pages = {2459--2469},
	Publisher = {IEEE},
	Title = {A theoretical analysis of the role of ambipolar diffusion in charge-carrier transport in a quasi-neutral region under high injection},
	Volume = {58},
	Year = {2011}}

@article{edmonds2011proposed,
	Author = {Edmonds, Larry D},
	Date-Added = {2013-12-05 20:33:36 +0000},
	Date-Modified = {2013-12-05 20:33:36 +0000},
	Journal = {IEEE Trans. Nucl. Sci.},
	Number = {1},
	Pages = {296--304},
	Publisher = {IEEE},
	Title = {A proposed transient version of the ADC charge-collection model tested against TCAD},
	Volume = {58},
	Year = {2011}}

@article{hubert2000study,
	Author = {Hubert, G and Palau, J-M and Roche, Ph and Sagnes, B and Gasiot, J and Calvet, MC},
	Date-Added = {2013-12-05 20:31:55 +0000},
	Date-Modified = {2013-12-05 20:31:55 +0000},
	Journal = {IEEE Trans. Nucl. Sci.},
	Number = {3},
	Pages = {519--526},
	Publisher = {IEEE},
	Title = {Study of basic mechanisms induced by an ionizing particle on simple structures},
	Volume = {47},
	Year = {2000}}

@article{oldham1986revised,
	Author = {Oldham, TR and McLean, FB and Hartman, JM},
	Date-Added = {2013-12-05 20:31:31 +0000},
	Date-Modified = {2013-12-05 20:31:31 +0000},
	Journal = {IEEE Trans. Nucl. Sci.},
	Number = {6},
	Pages = {1646--1650},
	Publisher = {IEEE},
	Title = {Revised funnel calculations for heavy particles with high dE/dx},
	Volume = {33},
	Year = {1986}}

@article{dodd1994three,
	Author = {Dodd, PE and Sexton, FW and Winokur, PS},
	Date-Added = {2013-12-05 20:31:05 +0000},
	Date-Modified = {2013-12-05 20:31:05 +0000},
	Journal = {IEEE Trans. Nucl. Sci.},
	Number = {6},
	Pages = {2005--2017},
	Publisher = {IEEE},
	Title = {Three-dimensional simulation of charge collection and multiple-bit upset in Si devices},
	Volume = {41},
	Year = {1994}}

@article{mclean1982charge,
	Author = {McLean, FB and Oldham, TR},
	Date-Added = {2013-12-05 20:30:41 +0000},
	Date-Modified = {2013-12-05 20:30:41 +0000},
	Journal = {IEEE Trans. Nucl. Sci.},
	Number = {6},
	Pages = {2017--2023},
	Publisher = {IEEE},
	Title = {Charge funneling in n-and p-type Si substrates},
	Volume = {29},
	Year = {1982}}

@article{oldham1983charge,
	Author = {Oldham, TR and McLean, FB},
	Date-Added = {2013-12-05 20:30:25 +0000},
	Date-Modified = {2013-12-05 20:30:25 +0000},
	Journal = {IEEE Trans. Nucl. Sci.},
	Number = {6},
	Pages = {4493--4500},
	Publisher = {IEEE},
	Title = {Charge collection measurements for heavy ions incident on n-and p-type silicon},
	Volume = {30},
	Year = {1983}}

@article{hootenimpact,
	Author = {Hooten, Nicholas C and Bennett, William G and Edmonds, Larry D and Kozub, John A and Reed, Robert A and Schrimpf, Ronald D and Weller, Robert A},
	Publisher = {IEEE},
	Title = {The Impact of Depletion Region Potential Modulation on Ion-Induced Current Transient Response}}

@article{hooten2012significance,
	Author = {Hooten, NC and Edmonds, LD and Bennett, WG and Ahlbin, JR and Dodds, NA and Reed, RA and Schrimpf, RD and Weller, RA},
	Journal = {IEEE Trans. Nucl. Sci.},
	Number = {6},
	Pages = {2710--2721},
	Publisher = {IEEE},
	Title = {The Significance of High-Level Carrier Generation Conditions for Charge Collection in Irradiated Devices},
	Volume = {59},
	Year = {2012}}

@article{amusan2006charge,
	Author = {Amusan, Oluwole A and Witulski, Arthur F and Massengill, Lloyd W and Bhuva, Bharat L and Fleming, Patrick R and Alles, Michael L and Sternberg, Andrew L and Black, Jeffrey D and Schrimpf, Ronald D},
	Date-Added = {2013-12-05 20:08:17 +0000},
	Date-Modified = {2013-12-05 20:08:17 +0000},
	Journal = {IEEE Trans. Nucl. Sci.},
	Number = {6},
	Pages = {3253--3258},
	Publisher = {IEEE},
	Title = {Charge collection and charge sharing in a 130 nm CMOS technology},
	Volume = {53},
	Year = {2006}}

@article{divine1983charged,
	Author = {Divine, Neil and Garrett, HB},
	Date-Added = {2013-11-28 01:13:49 +0000},
	Date-Modified = {2013-11-28 01:13:49 +0000},
	Journal = {Journal of Geophysical Research: Space Physics (1978--2012)},
	Number = {A9},
	Pages = {6889--6903},
	Publisher = {Wiley Online Library},
	Title = {Charged particle distributions in Jupiter's magnetosphere},
	Volume = {88},
	Year = {1983}}

@article{garrett2005revised,
	Author = {Garrett, Henry B and Levin, Steven M and Bolton, Scott J and Evans, Robin W and Bhattacharya, Bidushi},
	Date-Added = {2013-11-28 00:45:03 +0000},
	Date-Modified = {2013-11-28 00:45:03 +0000},
	Journal = {Geophysical research letters},
	Number = {4},
	Publisher = {Wiley Online Library},
	Title = {A revised model of Jupiter's inner electron belts: Updating the Divine radiation model},
	Volume = {32},
	Year = {2005}}

@book{garrett2003galileo,
	Author = {Garrett, HB and Jun, I and Ratliff, JM and Evans, RW and Clough, GA and McEntire, RW},
	Date-Added = {2013-11-28 00:45:02 +0000},
	Date-Modified = {2013-11-28 00:45:02 +0000},
	Publisher = {Jet Propulsion Laboratory, National Aeronautics and Space Administration},
	Title = {Galileo interim radiation electron model},
	Year = {2003}}

@article{piet2006model,
	Author = {Piet, A Sicard and Bourdarie, S and Boscher, D and Friedel, RHW},
	Date-Added = {2013-11-27 21:57:33 +0000},
	Date-Modified = {2013-11-27 21:57:33 +0000},
	Journal = {IEEE Trans. Nucl. Sci.},
	Number = {4},
	Pages = {1844--1850},
	Publisher = {IEEE},
	Title = {A model for the geostationary electron environment: POLE, from 30 keV to 5.2 MeV},
	Volume = {53},
	Year = {2006}}

@article{tylka1997creme96,
	Author = {Tylka, Allan J and Adams Jr, James H and Boberg, Paul R and Brownstein, Buddy and Dietrich, William F and Flueckiger, Erwin O and Petersen, Edward L and Shea, Margaret A and Smart, Don F and Smith, Edward C},
	Date-Added = {2013-11-27 05:56:18 +0000},
	Date-Modified = {2013-11-27 05:56:18 +0000},
	Journal = {IEEE Trans. Nucl. Sci.},
	Number = {6},
	Pages = {2150--2160},
	Publisher = {IEEE},
	Title = {CREME96: A revision of the cosmic ray effects on micro-electronics code},
	Volume = {44},
	Year = {1997}}

@article{badhwar1992improved,
	Author = {Badhwar, GD and O'Neill, PM},
	Date-Added = {2013-11-27 05:23:13 +0000},
	Date-Modified = {2013-11-27 05:23:13 +0000},
	Journal = {International Journal of Radiation Applications and Instrumentation. Part D. Nuclear Tracks and Radiation Measurements},
	Number = {3},
	Pages = {403--410},
	Publisher = {Elsevier},
	Title = {An improved model of galactic cosmic radiation for space exploration missions},
	Volume = {20},
	Year = {1992}}

@article{parker1965passage,
	Author = {Parker, En N},
	Date-Added = {2013-11-27 05:20:05 +0000},
	Date-Modified = {2013-11-27 05:20:05 +0000},
	Journal = {Planetary and Space Science},
	Number = {1},
	Pages = {9--49},
	Publisher = {Elsevier},
	Title = {The passage of energetic charged particles through interplanetary space},
	Volume = {13},
	Year = {1965}}

@article{badhwar1996galactic,
	Author = {Badhwar, GAUTAM D and O'Neill, PM},
	Date-Added = {2013-11-27 05:18:24 +0000},
	Date-Modified = {2013-11-27 05:18:24 +0000},
	Journal = {Advances in Space Research},
	Number = {2},
	Pages = {7--17},
	Publisher = {Elsevier},
	Title = {Galactic cosmic radiation model and its applications},
	Volume = {17},
	Year = {1996}}

@article{barth2003space,
	Author = {Barth, Janet L and Dyer, CS and Stassinopoulos, EG},
	Date-Added = {2013-11-19 22:48:31 +0000},
	Date-Modified = {2013-11-19 22:48:31 +0000},
	Journal = {IEEE Trans. Nucl. Sci.},
	Number = {3},
	Pages = {466--482},
	Publisher = {IEEE},
	Title = {Space, atmospheric, and terrestrial radiation environments},
	Volume = {50},
	Year = {2003}}

@article{sawyer1976ap,
	Author = {Sawyer, Donald M and Vette, James I},
	Date-Added = {2013-11-19 22:22:21 +0000},
	Date-Modified = {2013-11-19 22:22:21 +0000},
	Journal = {NASA STI/Recon Technical Report N},
	Pages = {18983},
	Title = {AP-8 trapped proton environment for solar maximum and solar minimum},
	Volume = {77},
	Year = {1976}}

@article{vette1991ae,
	Author = {Vette, James I},
	Date-Added = {2013-11-19 22:21:56 +0000},
	Date-Modified = {2013-11-19 22:21:56 +0000},
	Journal = {NASA STI/Recon Technical Report N},
	Pages = {24228},
	Title = {The AE-8 trapped electron model environment},
	Volume = {92},
	Year = {1991}}

@article{van1959radiation,
	Author = {Van Allen, James A and McIlwain, Carl E and Ludwig, George H},
	Date-Added = {2013-11-19 20:43:14 +0000},
	Date-Modified = {2013-11-19 20:43:14 +0000},
	Journal = {Journal of Geophysical Research},
	Number = {3},
	Pages = {271--286},
	Publisher = {Wiley Online Library},
	Title = {Radiation observations with satellite 1958 $\varepsilon$},
	Volume = {64},
	Year = {1959}}

@article{garrett2012galileo,
	Author = {Garrett, HB and Kokorowski, M and Jun, I and Evans, RW},
	Date-Added = {2013-11-17 00:20:08 +0000},
	Date-Modified = {2013-11-17 00:20:08 +0000},
	Publisher = {Pasadena, CA: Jet Propulsion Laboratory, National Aeronautics and Space Administration, 2012.},
	Title = {Galileo interim radiation electron model: update2012},
	Year = {2012}}

@article{PhysRev.75.1169,
	Author = {Fermi, ENRICO},
	Date-Added = {2013-11-17 00:04:52 +0000},
	Date-Modified = {2013-11-17 00:04:52 +0000},
	Doi = {10.1103/PhysRev.75.1169},
	Issue = {8},
	Journal = {Phys. Rev.},
	Month = {Apr},
	Pages = {1169--1174},
	Publisher = {American Physical Society},
	Title = {On the Origin of the Cosmic Radiation},
	Url = {http://link.aps.org/doi/10.1103/PhysRev.75.1169},
	Volume = {75},
	Year = {1949},
	Bdsk-Url-1 = {http://link.aps.org/doi/10.1103/PhysRev.75.1169},
	Bdsk-Url-2 = {http://dx.doi.org/10.1103/PhysRev.75.1169}}

@inproceedings{garrett:2011,
	Address = {Pascataway, NJ},
	Author = {Garrett, H. and Jun, I.},
	Booktitle = {2011 IEEE NSREC Short Course},
	Date-Added = {2013-11-16 22:07:03 +0000},
	Date-Modified = {2013-11-16 22:08:03 +0000},
	Publisher = {IEEE Publishing},
	Title = {Spacecraft environment interactions},
	Year = {2011}}

@inproceedings{xapsos:2006,
	Address = {Pascataway, NJ},
	Author = {Xapsos, M. A.},
	Booktitle = {2006 IEEE NSREC Short Course},
	Date-Added = {2013-11-16 22:05:56 +0000},
	Date-Modified = {2013-11-16 22:06:48 +0000},
	Publisher = {IEEE Publishing},
	Title = {Modeling the space radiation environment},
	Year = {2006}}

@inproceedings{dyer:1998,
	Address = {Pascataway, NJ},
	Author = {Dyer, C. S.},
	Booktitle = {1998 IEEE NSREC Short Course},
	Date-Added = {2013-11-16 22:04:40 +0000},
	Date-Modified = {2013-11-16 22:05:53 +0000},
	Publisher = {IEEE Publishing},
	Title = {Space radiation environment dosimetry},
	Year = {1998}}

@inproceedings{barth:1997,
	Address = {Pascataway, NJ},
	Author = {Barth, J. L.},
	Booktitle = {1997 IEEE NSREC Short Course},
	Date-Added = {2013-11-16 22:00:08 +0000},
	Date-Modified = {2013-11-16 22:03:32 +0000},
	Publisher = {IEEE Publishing},
	Title = {Modeling space radiation environments},
	Year = {1997}}

@article{feynman:1996,
	Abstract = {Single-event effects and many other spacecraft anomalies are caused by positively charged high-energy particles impinging on the vehicle and its component parts. Here, we review the current knowledge of the interplanetary particle environment in the energy ranges that are most important for these effects. State-of-the-art engineering models are described briefly along with comments on the future work required in this field},
	Author = {Feynman, J. and Gabriel, S.B.},
	Date-Added = {2013-11-16 21:59:00 +0000},
	Date-Modified = {2013-11-16 21:59:26 +0000},
	Doi = {10.1109/23.490754},
	Issn = {0018-9499},
	Journal = {IEEE Trans. Nucl. Sci.},
	Keywords = {ion beam effects;proton effects;radiation effects;radiation hardening (electronics);solar radiation;space vehicle electronics;space vehicles;astronomical unit;engineering models;galactic cosmic rays;heavy ion abundances;high-energy charged particles;interplanetary particle environment;positively charged high-energy particles;proton fluences;proton fluxes;single-event effects;solar proton events;spacecraft anomalies;Aerospace electronics;Magnetosphere;P-n junctions;Photovoltaic cells;Propulsion;Protons;Semiconductor materials;Space charge;Space technology;Space vehicles},
	Number = {2},
	Pages = {344-352},
	Title = {High-energy charged particles in space at one astronomical unit},
	Volume = {43},
	Year = {1996},
	Bdsk-Url-1 = {http://ieeexplore.ieee.org/stamp/stamp.jsp?tp=&arnumber=490754}}

@article{bethe1930theorie,
	Author = {Bethe, Hans},
	Date-Added = {2013-11-13 20:31:28 +0000},
	Date-Modified = {2013-11-13 20:31:28 +0000},
	Journal = {Annalen der Physik},
	Number = {3},
	Pages = {325--400},
	Publisher = {Wiley Online Library},
	Title = {Zur theorie des durchgangs schneller korpuskularstrahlen durch materie},
	Volume = {397},
	Year = {1930}}

@article{bethe1932bremsformel,
	Author = {Bethe, Hans},
	Date-Added = {2013-11-13 20:14:34 +0000},
	Date-Modified = {2013-11-13 20:14:34 +0000},
	Journal = {Zeitschrift f{\"u}r Physik},
	Number = {5-6},
	Pages = {293--299},
	Publisher = {Springer},
	Title = {Bremsformel f{\"u}r Elektronen relativistischer Geschwindigkeit},
	Volume = {76},
	Year = {1932}}

@article{fano1964penetration,
	Author = {Fano, U},
	Date-Added = {2013-11-13 20:11:56 +0000},
	Date-Modified = {2013-11-13 20:33:40 +0000},
	Journal = {Studies in Penetration of Charged Particles in Matter},
	Number = {39},
	Pages = {287},
	Publisher = {National Academies},
	Title = {PENETRATION OF PROTONS, ALPHA PARTICLES, AND MESONS},
	Year = {1964}}

@article{bichsel1988straggling,
	Author = {Bichsel, Hans},
	Date-Added = {2013-11-07 03:40:16 +0000},
	Date-Modified = {2013-11-07 03:40:16 +0000},
	Journal = {Reviews of Modern Physics},
	Number = {3},
	Pages = {663},
	Publisher = {APS},
	Title = {Straggling in thin silicon detectors},
	Volume = {60},
	Year = {1988}}

@article{bichsel2010passage,
	Author = {Bichsel, Hans and Groom, DE and Klein, SR},
	Date-Added = {2013-11-07 03:21:49 +0000},
	Date-Modified = {2013-11-07 03:21:49 +0000},
	Journal = {Physics Letters B},
	Pages = {2004},
	Title = {Passage of particles through matter},
	Volume = {592},
	Year = {2010}}

@article{ziegler2010srim,
	Author = {Ziegler, James F and Ziegler, Matthias D and Biersack, Jochen P},
	Date-Added = {2013-11-06 21:40:16 +0000},
	Date-Modified = {2013-11-06 21:40:16 +0000},
	Journal = {Nuclear Instruments and Methods in Physics Research Section B: Beam Interactions with Materials and Atoms},
	Number = {11},
	Pages = {1818--1823},
	Publisher = {Elsevier},
	Title = {SRIM--The stopping and range of ions in matter (2010)},
	Volume = {268},
	Year = {2010}}

@book{alpen1997radiation,
	Author = {Alpen, Edward L},
	Date-Added = {2013-10-17 20:43:39 +0000},
	Date-Modified = {2013-10-17 20:43:39 +0000},
	Publisher = {Access Online via Elsevier},
	Title = {Radiation biophysics},
	Year = {1997}}

@inproceedings{david:2011dvfs,
	Author = {David, Howard and Fallin, Chris and Gorbatov, Eugene and Hanebutte, Ulf R and Mutlu, Onur},
	Booktitle = {Proceedings of the 8th ACM International Conference on Autonomic Computing},
	Date-Added = {2013-10-12 19:32:21 +0000},
	Date-Modified = {2013-10-12 19:33:05 +0000},
	Organization = {ACM},
	Pages = {31--40},
	Title = {Memory power management via dynamic voltage/frequency scaling},
	Year = {2011}}

@inproceedings{semeraro:2002dvfs,
	Author = {Semeraro, Greg and Magklis, Grigorios and Balasubramonian, Rajeev and Albonesi, David H and Dwarkadas, Sandhya and Scott, Michael L},
	Booktitle = {IEEE International Symposium on High-Performance Computer Architecture},
	Date-Added = {2013-10-12 19:28:11 +0000},
	Date-Modified = {2013-10-12 19:29:59 +0000},
	Organization = {IEEE},
	Pages = {29--40},
	Title = {Energy-efficient processor design using multiple clock domains with dynamic voltage and frequency scaling},
	Year = {2002}}

@article{Dasgupta:2011mg,
	Author = {Dasgupta, Aritra and Fleetwood, Daniel M and Reed, Robert A and Weller, Robert A and Mendenhall, Marcus H},
	Date-Added = {2013-10-11 00:46:32 +0000},
	Date-Modified = {2013-10-11 00:56:04 +0000},
	Journal = {IEEE Trans. Nucl. Sci.},
	Number = {6},
	Pages = {3139--3144},
	Publisher = {IEEE},
	Title = {Effects of metal gates and back-end-of-line materials on x-ray dose in {HfO$_2$} gate oxide},
	Volume = {58},
	Year = {2011}}

@article{itrs:2012,
	Author = {{Semiconductor Industry Association (SIA)}},
	Date-Added = {2013-10-11 00:41:04 +0000},
	Date-Modified = {2013-10-11 00:43:30 +0000},
	Journal = {[Online] http://www.itrs.net},
	Title = {{International roadmap for semiconductors 2012 update}},
	Year = {2012}}

@article{Schott:1987cx,
	Author = {Schott, John T and Zugich, Michael H},
	Journal = {IEEE Trans. Nucl. Sci.},
	Month = dec,
	Number = {6},
	Pages = {1403--1407},
	Title = {{Pattern Imprinting in CMOS Static RAMs from Co-60 Irradiation}},
	Volume = {34},
	Year = {1987}}

@article{Stassinopoulos:1989bz,
	Author = {Stassinopoulos, E G and Brucker, G J and Van Gunten, O and Kim, H S},
	Journal = {IEEE Trans. Nucl. Sci.},
	Month = dec,
	Number = {6},
	Pages = {2330--2338},
	Title = {{Variation in SEU sensitivity of dose-imprinted CMOS SRAMs}},
	Volume = {36},
	Year = {1989}}

@article{Fleetwood:1987cfa,
	Author = {Fleetwood, D M and Dressendorfer, P V},
	Journal = {IEEE Trans. Nucl. Sci.},
	Month = dec,
	Number = {6},
	Pages = {1408--1413},
	Title = {{A simple method to identify radiation and annealing biases that lead to worst-case CMOS static RAM postirradiation response}},
	Volume = {34},
	Year = {1987}}

@article{Brucker:1986fb,
	Author = {Brucker, G J and Wert, J and Measel, P},
	Journal = {IEEE Trans. Nucl. Sci.},
	Number = {6},
	Pages = {1483--1486},
	Title = {{Transient Imprint Memory Effect in MOS Memories}},
	Volume = {33},
	Year = {1986}}

@article{Fleetwood:1990wc,
	Author = {Fleetwood, Daniel M},
	Journal = {J. Appl. Phys.},
	Number = {1},
	Pages = {580--583},
	Title = {{Radiation‐induced charge neutralization and interface‐trap buildup in metal‐oxide‐semiconductor devices}},
	Volume = {67},
	Year = {1990}}

@article{Fleetwood:1992wj,
	Author = {Fleetwood, Daniel M},
	Journal = {Appl. Phys. Lett.},
	Number = {23},
	Pages = {2883--2885},
	Title = {{Long‐term annealing study of midgap interface‐trap charge neutrality}},
	Volume = {60},
	Year = {1992}}

@article{Fleetwood:1997wq,
	Author = {Fleetwood, Daniel M and Johnson, MJ and Meisenheimer, TL and Winokur, PS and Warren, WL and Witczak, SC},
	Journal = {IEEE Trans. Nucl. Sci.},
	Number = {6},
	Pages = {1810--1817},
	Title = {{1/f noise, hydrogen transport, and latent interface-trap buildup in irradiated MOS devices}},
	Volume = {44},
	Year = {1997}}

@article{Fleetwood:1994wy,
	Author = {Fleetwood, Daniel M and Shaneyfelt, Marty R and Schwank, Jim R},
	Journal = {Appl. Phys. Lett.},
	Number = {15},
	Pages = {1965--1967},
	Title = {{Estimating oxide‐trap, interface‐trap, and border‐trap charge densities in metal‐oxide‐semiconductor transistors}},
	Volume = {64},
	Year = {1994}}

@article{Gadlage:2008tv,
	Annote = {Alpha's are 5.5 MeV
526 MeV Ne - LET = 1.58 MeV cm^2/mg
891 MeV Ar - LET = 5.41 MeV-cm^2/mg
1858 MeV Kr - LET = 17.8 MeV-cm^2/mg
2758 MeV Xe - LET = 33.9 MeV-cm^2/mg

SV description:
sv1 = .87 um^2 - efficiency = 100%
sv2 - 1 um^2 - efficiency=67%
sv3 - 1.5 um^2 - efficiency=20%
sv4 - 2 um^2 - efficiency=10%
depth of all volumes 1 um.

Qcrit = 20 fC
},
	Author = {Gadlage, Matthew J and Schrimpf, Ronald D. and Narasimham, Balaji},
	Journal = {IEEE Elec. Dev. Lett.},
	Month = jan,
	Title = {{Assessing Alpha Particle-Induced Single Event Transient Vulnerability in a 90-nm CMOS {\ldots}}},
	Year = {2008}}

@article{FerletCavrois:2003ve,
	Author = {Ferlet-Cavrois, Veronique and Paillet, Philippe and Schwank, Jim R and Vizkelethy, Gyorgy and Shaneyfelt, Marty R and Baggio, J and Torres, A. and Flament, Olivier},
	Journal = {IEEE Trans. Nucl. Sci.},
	Number = {6},
	Pages = {2208--2218},
	Title = {{Charge collection by capacitive influence through isolation oxides}},
	Volume = {50},
	Year = {2003}}

@article{Schwank:2004wi,
	Author = {Schwank, Jim R and Ferlet-Cavrois, Veronique and Dodd, Paul E},
	Journal = {Solid State Electronics},
	Month = jan,
	Title = {{Analysis of heavy-ion induced charge collection mechanisms in SOI circuits}},
	Year = {2004}}

@article{Heidel:2006tp,
	Author = {Heidel, David F and Rodbell, Kenneth P and Oldiges, P and Gordon, M.S. and Tang, H.H.K. and Cannon, E.H. and Plettner, C.},
	Journal = {IEEE Trans. Nucl. Sci.},
	Number = {6},
	Pages = {3512--3517},
	Title = {{Single-event-upset critical charge measurements and modeling of 65 nm silicon-on-insulator latches and memory cells}},
	Volume = {53},
	Year = {2006}}

@article{Heidel:2008vf,
	Author = {Heidel, David F and Marshall, Paul W and LaBel, Kenneth A and Schwank, Jim R and Rodbell, Kenneth P and Hakey, Mark C and Berg, Melanie D and Dodd, Paul E and Friendlich, Mark R and Phan, Anthony D and Seidleck, Christina M and Shaneyfelt, Marty R and Xapsos, Michael A},
	Date-Modified = {2013-10-11 01:10:00 +0000},
	Journal = {IEEE Trans. Nucl. Sci.},
	Month = {Dec.},
	Number = {6},
	Pages = {3394--3400},
	Title = {{Low energy proton single-event-upset test results on 65 nm SOI SRAM}},
	Volume = {55},
	Year = {2008}}

@article{Barak:2006wd,
	Author = {Barak, J},
	Journal = {IEEE Trans. Nucl. Sci.},
	Number = {6},
	Pages = {3336--3342},
	Title = {{Simple calculations of proton SEU cross sections from heavy ion cross sections}},
	Volume = {53},
	Year = {2006}}

@article{Inguimbert:2007wu,
	Author = {Inguimbert, C and Duzellier, S and Nuns, T and Bezerra, F.},
	Journal = {IEEE Trans. Nucl. Sci.},
	Number = {6},
	Pages = {2394--2399},
	Title = {{Using subthreshold heavy ion upset cross section to calculate proton sensitivity}},
	Volume = {54},
	Year = {2007}}

@article{Warren:2005uu,
	Author = {Warren, Kevin M and Weller, Robert A and Mendenhall, Marcus H},
	Journal = {IEEE Trans. Nucl. Sci.},
	Month = dec,
	Number = {6, Part 1},
	Pages = {2125--2131},
	Title = {{The contribution of nuclear reactions to heavy ion single event upset cross-section {\ldots}}},
	Volume = {52},
	Year = {2005}}

@article{Edmonds:2008tk,
	Author = {Edmonds, L D and Edmonds, K.J.},
	Journal = {IEEE Trans. Nucl. Sci.},
	Number = {5},
	Pages = {2666--2678},
	Title = {{A method for estimating SEU rates from protons by direct ionization}},
	Volume = {55},
	Year = {2008}}

@article{DasGupta:2007vp,
	Annote = {1) part of current plateau is due to the modulation of the potential in the area around the device.
2) the plateau modulates the output voltage transient of the third inverter. since current flow changes the potential at the output of the third inverter, the restoring current in the pmos determines the output voltage transient.
3) nodal capacitance (loading) (changing the sizing of the 4th inverter) appears to have a small impact on the output voltage transient.
},
	Author = {DasGupta, Sandeepan and Witulski, AF and Bhuva, B and Alles, Michael L and Reed, Robert A and Amusan, O and Ahlbin, J.R and Schrimpf, Ronald D. and Massengill, Lloyd W},
	Journal = {IEEE Trans. Nucl. Sci.},
	Number = {6},
	Pages = {2407--2412},
	Title = {{Effect of well and substrate potential modulation on single event pulse shape in deep submicron CMOS}},
	Volume = {54},
	Year = {2007}}

@article{Mendenhall:2005uh,
	Author = {Mendenhall, Marcus H and Weller, Robert A},
	Journal = {Nuclear Inst. and Methods in Physics Research},
	Month = jan,
	Title = {{An algorithm for computing screened Coulomb scattering in Geant4}},
	Year = {2005}}

@article{Kobayashi:2005jt,
	Author = {Kobayashi, Aaron S and Ball, Dennis R and Warren, Kevin M and Reed, Robert A and Haddad, N and Mendenhall, Marcus H and Schrimpf, Ronald D. and Weller, Robert A},
	Journal = {IEEE Trans. Nucl. Sci.},
	Month = dec,
	Number = {6, Part 1},
	Pages = {2189--2193},
	Title = {{The effect of metallization Layers on single event susceptibility}},
	Volume = {52},
	Year = {2005}}

@article{Warren:2007vm,
	Author = {Warren, Kevin M and Sierawski, Brian D and Weller, Robert A and Reed, Robert A},
	Journal = {IEEE Elec. Dev. Lett.},
	Month = jan,
	Title = {{Predicting thermal neutron-induced soft errors in static memories using TCAD and physics- {\ldots}}},
	Year = {2007}}

@article{Horn:1996tt,
	Author = {Horn, K M and Dodd, Paul E and Doyle, Barney L},
	Journal = {{\ldots} analysis (IBT-1)},
	Month = jan,
	Title = {{Highly focused ion beams in integrated circuit testing}},
	Year = {1996}}

@article{Vizkelethy:2007wr,
	Author = {Vizkelethy, Gyorgy and Brice, DK and Doyle, Barney L},
	Journal = {J. Appl. Phys.},
	Number = {7},
	Pages = {074506--074506--6},
	Title = {{The theory of ion beam induced charge in metal-oxide-semiconductor structures}},
	Volume = {101},
	Year = {2007}}

@article{Felix:2004tw,
	Author = {Felix, J A and Schwank, Jim R and Fleetwood, Daniel M},
	Journal = {Microelectronics Reliability},
	Month = jan,
	Title = {{Effects of radiation and charge trapping on the reliability of high-κ gate dielectrics}},
	Year = {2004}}

@article{Reed:2002wn,
	Author = {Reed, Robert A and Marshall, Paul W and Kim, H.S. and McNulty, P.J. and Fodness, B. and Jordan, TA and Reedy, R. and Tabbert, C. and Liu, M.S.T. and Heikkila, W.},
	Journal = {IEEE Trans. Nucl. Sci.},
	Number = {6},
	Pages = {3038--3044},
	Title = {{Evidence for angular effects in proton-induced single-event upsets}},
	Volume = {49},
	Year = {2002}}

@article{Dodd:2001tx,
	Author = {Dodd, Paul E and Shaneyfelt, AR and Horn, KM and Walsh, DS and Hash, Gerald L and Hill, T A and Draper, Bruce L and Schwank, Jim R and Sexton, FW and Winokur, PS},
	Journal = {IEEE Trans. Nucl. Sci.},
	Number = {6},
	Pages = {1893--1903},
	Title = {{SEU-sensitive volumes in bulk and SOI SRAMs from first-principles calculations and experiments}},
	Volume = {48},
	Year = {2001}}

@article{Schwank:2002te,
	Author = {Schwank, Jim R and Dodd, Paul E and Shaneyfelt, Marty R and Vizkelethy, Gyorgy and Draper, Bruce L and Hill, T A and Walsh, Dave S and Hash, Gerald L and Doyle, Barney L and McDaniel, F D},
	Journal = {IEEE Trans. Nucl. Sci.},
	Number = {6},
	Pages = {2937--2947},
	Title = {{Charge collection in SOI capacitors and circuits and its effect on SEU hardness}},
	Volume = {49},
	Year = {2002}}

@article{Edmonds:1997vi,
	Author = {Edmonds, L D},
	Journal = {IEEE Trans. Nucl. Sci.},
	Number = {3},
	Pages = {1448--1463},
	Title = {{Charge collection from ion tracks in simple EPI diodes}},
	Volume = {44},
	Year = {1997}}

@article{Haran:2008ve,
	Author = {Haran, B and Kumar, A and Adam, L and Chang, J and Basker, V},
	Journal = {IEEE International Electron Devices Meeting},
	Month = jan,
	Title = {{22 nm technology compatible fully functional 0.1 μm 2 6T-SRAM cell}},
	Year = {2008}}

@article{Xapsos:1992tc,
	Author = {Xapsos, Michael A},
	Journal = {IEEE Trans. Nucl. Sci.},
	Month = jan,
	Number = {6},
	Pages = {1613--1621},
	Title = {{Applicability of LET to single events in microelectronic structures}},
	Volume = {39},
	Year = {1992}}

@article{Biersack:1980vn,
	Author = {Biersack, J},
	Journal = {Nuclear Instruments and Methods},
	Month = jan,
	Title = {{A Monte Carlo computer program for the transport of energetic ions in amorphous targets}},
	Year = {1980}}

@article{Xapsos:1987td,
	Author = {Xapsos, M.A and Campbell, A.B and Knudson, A.R and Stapor, W.J and Shapiro, P and Palmer, T. and McDonald, P and Swickert, S.L.},
	Journal = {IEEE Trans. Nucl. Sci.},
	Number = {6},
	Pages = {1214--1219},
	Title = {{Charge Collection Efficiency Related to Damage in MOS Capaciors}},
	Volume = {34},
	Year = {1987}}

@article{Wilk:2001ub,
	Author = {Wilk, GD and Wallace, RM and Anthony, JM},
	Journal = {J. Appl. Phys.},
	Pages = {5243},
	Title = {{High-κ gate dielectrics: Current status and materials properties considerations}},
	Volume = {89},
	Year = {2001}}

@article{Ribes:2005wa,
	Author = {Ribes, G and Mitard, J and Denais, M and Bruyere, S},
	Journal = {IEEE Trans. Device Mater. Reliab.},
	Month = jan,
	Title = {{Review on high-k dielectrics reliability issues}},
	Year = {2005}}

@article{Gusev:2003tw,
	Author = {Gusev, E and Cabral, C and Copel, M and CD'Emic},
	Journal = {Microelectronic Engineering},
	Month = jan,
	Title = {{Ultrathin HfO2 films grown on silicon by atomic layer deposition for advanced gate {\ldots}}},
	Year = {2003}}

@article{Gusev:2006uh,
	Author = {Gusev, E and Narayanan, V and Frank, M},
	Journal = {IBM journal of research and development},
	Month = jan,
	Title = {{Advanced high-κ dielectric stacks with PolySi and metal gates: Recent progress and current {\ldots}}},
	Year = {2006}}

@article{Gusev:2001wl,
	Author = {Gusev, E and Cartier, E and Buchanan, D},
	Journal = {Microelectronic Engineering},
	Month = jan,
	Title = {{Ultrathin high-K metal oxides on silicon: processing, characterization and integration issues}},
	Year = {2001}}

@article{Gusev:2001vk,
	Author = {Gusev, E and Buchanan, D and Cartier, E and Kumar, A},
	Journal = {INTERNATIONAL ELECTRON DEVICES MEETING},
	Month = jan,
	Title = {{Ultrathin high-K gate stacks for advanced CMOS devices}},
	Year = {2001}}

@article{Fleetwood:2008vf,
	Author = {Fleetwood, Daniel M and Schrimpf, Ronald D. and Pantelides, S.T. and Pease, R.L and Dunham, G.W.},
	Journal = {IEEE Trans. Nucl. Sci.},
	Number = {6},
	Pages = {2986--2991},
	Title = {{Electron capture, hydrogen release, and enhanced gain degradation in linear bipolar devices}},
	Volume = {55},
	Year = {2008}}

@article{Pagey:2001vk,
	Author = {Pagey, M and Schrimpf, Ronald D. and Galloway, K},
	Journal = {IEEE Elec. Dev. Lett.},
	Month = jan,
	Title = {{A hydrogen-transport-based interface-trap-generation model forhot-carrier reliability {\ldots}}},
	Year = {2001}}

@article{Qi:2000th,
	Author = {Qi, W.J. and Nieh, R and Lee, B.H. and Kang, L and Jeon, Y and Lee, J.C.},
	Journal = {Appl. Phys. Lett.},
	Number = {20},
	Pages = {3269--3271},
	Title = {{Electrical and reliability characteristics of ZrO2 deposited directly on Si for gate dielectric application}},
	Volume = {77},
	Year = {2000}}

@article{Lee:2000um,
	Author = {Lee, B.H. and Kang, L and Nieh, R and Qi, W.J. and Lee, J.C.},
	Journal = {Appl. Phys. Lett.},
	Pages = {1926},
	Title = {{Thermal stability and electrical characteristics of ultrathin hafnium oxide gate dielectric reoxidized with rapid thermal annealing}},
	Volume = {76},
	Year = {2000}}

@article{Narasimha:2006vc,
	Author = {Narasimha, S and Onishi, K and Nayfeh, H and Waite, A},
	Journal = {Proc. of IEDM},
	Month = jan,
	Title = {{High Performance 45 nm SOI Technology With Enhanced Strain, Porous Low-k BEOL, and {\ldots}}},
	Year = {2006}}

@article{Park:1993uj,
	Author = {Park, H and Jones, K and Slinkman, J and Law, M},
	Journal = {Electron Devices Meeting},
	Month = jan,
	Title = {{The effects of strain on dopant diffusion in silicon}},
	Year = {1993}}

@article{Faccio:2005tk,
	Author = {Faccio, Federico and Cervelli, G},
	Journal = {IEEE Trans. Nucl. Sci.},
	Number = {6},
	Pages = {2413--2420},
	Title = {{Radiation-induced edge effects in deep submicron CMOS transistors}},
	Volume = {52},
	Year = {2005}}

@article{Weissman:1988vw,
	Author = {Weissman, M},
	Journal = {Reviews of Modern Physics},
	Month = jan,
	Title = {{1/f noise and other slow, nonexponential kinetics in condensed matter}},
	Year = {1988}}

@article{Fleetwood:1985up,
	Author = {Fleetwood, Daniel M and Giordano, N},
	Journal = {Physical Review B},
	Month = jan,
	Title = {{Direct link between 1/f noise and defects in metal films}},
	Year = {1985}}

@article{Dutta:1981vg,
	Author = {Dutta, P and Horn, P},
	Journal = {Reviews of Modern Physics},
	Month = jan,
	Title = {{Low-frequency fluctuations in solids: 1/f noise}},
	Year = {1981}}

@article{Suehle:2001uz,
	Author = {Suehle, J and Vogel, E and Edelstein, M},
	Journal = {Plasma-and Process-Induced Damage},
	Month = jan,
	Title = {{Challenges of high-k gate dielectrics for future MOS devices}},
	Year = {2001}}

@article{Roh:1995wn,
	Author = {Roh, Y and Trombetta, L},
	Journal = {Microelectronic Engineering},
	Month = jan,
	Title = {{A comprehensive model for the formation of interface traps in MOS devices}},
	Year = {1995}}

@article{Cartier:1993tr,
	Author = {Cartier, E and DiMaria, D},
	Journal = {Microelectronic Engineering},
	Month = jan,
	Title = {{Hot-electron dynamics in SiO 2 and the degradation of the Si/SiO 2-interface}},
	Year = {1993}}

@article{Mrstik:1991vw,
	Author = {Mrstik, BJ and Rendell, RW},
	Journal = {Appl. Phys. Lett.},
	Number = {23},
	Pages = {3012--3014},
	Title = {{Model for Si--SiO2 interface state formation during irradiation and during post‐irradiation exposure to hydrogen environment}},
	Volume = {59},
	Year = {1991}}

@article{Chen:2000uv,
	Author = {Chen, Z and Hess, K and Lee, J and Lyding, J and Rosenbaum, E},
	Journal = {IEEE Elec. Dev. Lett.},
	Month = jan,
	Title = {{On the mechanism for interface trap generation in MOS transistors due to channel hot carrier {\ldots}}},
	Year = {2000}}

@article{Lai:1983up,
	Author = {Lai, SK},
	Journal = {J. Appl. Phys.},
	Number = {5},
	Pages = {2540--2546},
	Title = {{Interface trap generation in silicon dioxide when electrons are captured by trapped holes}},
	Volume = {54},
	Year = {1983}}

@article{DiMaria:1999wd,
	Author = {DiMaria, DJ},
	Journal = {J. Appl. Phys.},
	Pages = {2100},
	Title = {{Defect generation under substrate-hot-electron injection into ultrathin silicon dioxide layers}},
	Volume = {86},
	Year = {1999}}

@article{DiMaria:2000tq,
	Author = {DiMaria, DJ},
	Journal = {J. Appl. Phys.},
	Pages = {8707},
	Title = {{Defect generation in field-effect transistors under channel-hot-electron stress}},
	Volume = {87},
	Year = {2000}}

@article{Xu:2002vg,
	Author = {Xu, Z and Houssa, M and Carter, R and Naili, M and de Gendt, S and Heyns, M},
	Journal = {J. Appl. Phys.},
	Pages = {10127},
	Title = {{Constant voltage stress induced degradation in HfO/SiO gate dielectric stacks}},
	Volume = {91},
	Year = {2002}}

@article{Perkins:2001vs,
	Author = {Perkins, C.M. and Triplett, B.B. and {McIntyre, P.C.} and Saraswat, K.C. and Haukka, S. and Tuominen, M.},
	Journal = {Appl. Phys. Lett.},
	Pages = {2357},
	Title = {{Electrical and materials properties of ZrO gate dielectrics grown by atomic layer chemical vapor deposition}},
	Volume = {78},
	Year = {2001}}

@article{Xu:2002tr,
	Author = {Xu, Z and Houssa, M and de Gendt, S and Heyns, M},
	Journal = {Appl. Phys. Lett.},
	Pages = {1975},
	Title = {{Polarity effect on the temperature dependence of leakage current through HfO/SiO gate dielectric stacks}},
	Volume = {80},
	Year = {2002}}

@article{Mahapatra:2003vi,
	Author = {Mahapatra, R and Lee, J.H. and Maikap, S and Kar, GS and Dhar, A. and Hwang, N.M. and Kim, D.Y. and Mathur, BK and Ray, SK},
	Journal = {Appl. Phys. Lett.},
	Pages = {2320},
	Title = {{Electrical and interfacial characteristics of ultrathin ZrO gate dielectrics on strain compensated SiGeC/Si heterostructure}},
	Volume = {82},
	Year = {2003}}

@article{Felix:2002wf,
	Author = {Felix, J A and Fleetwood, Daniel M and Schrimpf, Ronald D. and Hong, JG and Lucovsky, G. and Schwank, Jim R and Shaneyfelt, Marty R},
	Journal = {IEEE Trans. Nucl. Sci.},
	Number = {6},
	Pages = {3191--3196},
	Title = {{Total-dose radiation response of hafnium-silicate capacitors}},
	Volume = {49},
	Year = {2002}}

@article{Peacock:2003tm,
	Author = {Peacock, PW and Robertson, J},
	Journal = {Appl. Phys. Lett.},
	Pages = {2025},
	Title = {{Behavior of hydrogen in high dielectric constant oxide gate insulators}},
	Volume = {83},
	Year = {2003}}

@article{Han:2004ux,
	Author = {Han, J and Vogel, E and Gusev, E and Emic, C},
	Journal = {IEEE Elec. Dev. Lett.},
	Month = jan,
	Title = {{Asymmetric energy distribution of interface traps in n-and p-MOSFETs with HfO (2) {\ldots}}},
	Year = {2004}}

@article{Zhang:2009ti,
	Author = {Zhang, J},
	Journal = {Microelectronic Engineering},
	Month = jan,
	Title = {{Defects and instabilities in Hf-dielectric/SiON stacks}},
	Year = {2009}}

@article{DasGupta:2009un,
	Author = {DasGupta, Sandeepan and Amusan, O and Alles, Michael L and Witulski, Arthur F. and Massengill, Lloyd W. and Bhuva, B and Schrimpf, Ronald D. and Reed, Robert A},
	Journal = {IEEE Trans. Nucl. Sci.},
	Month = aug,
	Number = {4},
	Pages = {2008--2013},
	Title = {{Use of a Contacted Buried {\$}{\rm n}^{+}{\$} Layer for Single Event Mitigation in 90 nm CMOS}},
	Volume = {56},
	Year = {2009}}

@article{DasGupta:2007um,
	Author = {DasGupta, Sandeepan},
	Journal = {etd.library.vanderbilt.edu},
	Month = jan,
	Title = {{Trends in single event pulse widths and pulse shapes in deep submicron CMOS}},
	Year = {2007}}

@article{Kamiyama:2005uu,
	Author = {Kamiyama, S and Miura, T and Nara, Y and Arikado, T},
	Journal = {Appl. Phys. Lett.},
	Pages = {222904},
	Title = {{Electrical properties of 0.5 nm thick Hf-silicate top‐layer∕ HfO gate dielectrics by atomic layer deposition}},
	Volume = {86},
	Year = {2005}}

@article{Weller:2003je,
	Author = {Weller, Robert A and Sternberg, Andrew L and Massengill, Lloyd W and Schrimpf, Ronald D. and Fleetwood, Daniel M},
	Journal = {IEEE Trans. Nucl. Sci.},
	Month = dec,
	Number = {6, Part 1},
	Pages = {2265--2271},
	Title = {{Evaluating average and atypical response in radiation effects simulations}},
	Volume = {50},
	Year = {2003}}

@article{Petersen:1988tc,
	Author = {Petersen, E L and Marshall, P W},
	Journal = {J. Rad. Effects, Res. Eng},
	Title = {{Single event phenomena in the space and SDI arenas}},
	Volume = {6},
	Year = {1988}}

@article{Savage:1998bi,
	Author = {Savage, M and McNulty, P and Roth, D and Foster, C},
	Journal = {IEEE Trans. Nucl. Sci.},
	Month = dec,
	Number = {6, Part 1},
	Pages = {2745--2751},
	Title = {{Possible role for secondary particles in proton-induced single event upsets of modern devices}},
	Volume = {45},
	Year = {1998}}

@article{Marshall:1989dh,
	Author = {Marshall, Paul W and Dale, C and Burke, E and Summers, G and Bender, G},
	Journal = {IEEE Trans. Nucl. Sci.},
	Month = dec,
	Number = {6, Part 1-2},
	Pages = {1831--1839},
	Title = {{Displacement damage extremes in silicon depletion regions}},
	Volume = {36},
	Year = {1989}}

@article{Akkerman:2002to,
	Author = {Akkerman, A and Barak, J},
	Journal = {IEEE Trans. Nucl. Sci.},
	Number = {6},
	Pages = {3022--3031},
	Title = {{Ion-track structure and its effects in small size volumes of silicon}},
	Volume = {49},
	Year = {2002}}

@article{Akkerman:2003fh,
	Author = {Akkerman, A and Barak, J},
	Journal = {IEEE Trans. Nucl. Sci.},
	Month = jun,
	Number = {3, Part 4},
	Pages = {741--741},
	Title = {{Correction to "ion-track structure and its effects in small size volumes of silicon"}},
	Volume = {50},
	Year = {2003}}

@article{Xapsos:2001wm,
	Author = {Xapsos, Michael A and Summers, G and Burke, E},
	Journal = {Nuclear Inst. and Methods {\ldots}},
	Month = jan,
	Number = {1-2},
	Pages = {113--134},
	Title = {{Microdosimetry theory for microelectronics applications}},
	Volume = {184},
	Year = {2001}}

@article{Arimura:1985wl,
	Author = {Arimura, I and Kennerud, R A and Kolb, L},
	Journal = {Boeing Aerospace Co Report D180-28295-2 under {\ldots}},
	Title = {{Hardness Assured Device Specification for 4K X 1 CMOS/SOS Static RAM}},
	Year = {1985}}

@article{Dodd:2003vb,
	Author = {Dodd, Paul E and Massengill, Lloyd W},
	Journal = {IEEE Trans. Nucl. Sci.},
	Number = {3},
	Pages = {583--602},
	Title = {{Basic mechanisms and modeling of single-event upset in digital microelectronics}},
	Volume = {50},
	Year = {2003}}

@article{Shockley:1961ug,
	Author = {Shockley, W},
	Journal = {Czechoslovak Journal of Physics},
	Month = jan,
	Title = {{Problems related top-n junctions in silicon}},
	Year = {1961}}

@article{Sah:1957tj,
	Author = {Sah, C and Noyce, R and Shockley, W},
	Journal = {Proceedings of the IRE},
	Month = jan,
	Title = {{Carrier generation and recombination in pn junctions and pn junction {\ldots}}},
	Year = {1957}}

@article{Ashley:1976ww,
	Author = {Ashley, J C and Tung, C J and Ritchie, R. H and Anderson, V E},
	Journal = {IEEE Trans. Nucl. Sci.},
	Month = jan,
	Number = {6},
	Pages = {1833--1837},
	Title = {{Calculations of mean free paths and stopping powers of low energy electrons ({\&}{\#}x02A7D; 10 keV) in solids using a statistical model}},
	Volume = {23},
	Year = {1976}}

@article{Ashley:1981ws,
	Author = {Ashley, J and Anderson, V},
	Journal = {Name: J. Electron Spectrosc. Relat. Phenom},
	Month = jan,
	Title = {{Interaction of low-energy electrons with silicon dioxide}},
	Year = {1981}}

@article{Akkerman:2005vk,
	Author = {Akkerman, A and Barak, J and Emfietzoglou, D},
	Journal = {Nuclear Inst. and Methods in {\ldots}},
	Month = jan,
	Title = {{Ion and electron track-structure and its effects in silicon: model and calculations}},
	Year = {2005}}

@article{Tamima:wx,
	Author = {Tamima, S and Powell, С and Peno, D},
	Journal = {cnst.nist.gov},
	Title = {{Calculations of electron inelastic mean free paths for 31 materials}}}

@article{Tanuraa:tk,
	Author = {Tanuraa, S and Powell, С and Penn, D},
	Journal = {cnst.nist.gov},
	Title = {{Inelastic Mean Free Paths of Low-Energy Electrons in Solids}}}

@article{Tanuma:2005vk,
	Author = {Tanuma, S and Powell, C and Penn, D},
	Journal = {Surface and Interface Analysis},
	Month = jan,
	Title = {{Calculations of electron inelastic mean free paths}},
	Year = {2005}}

@article{Casey:2009um,
	Author = {Casey, M},
	Journal = {etd.library.vanderbilt.edu},
	Month = jan,
	Title = {{Single-Event Effects in Digital CMOS Circuits Operating at Ultra-Low Power}},
	Year = {2009}}

@inproceedings{Casey:vb,
	Author = {Casey, Megan C and Bhuva, B and Nation, Sarah A and Amusan, O and Loveless, T Daniel and Massengill, Lloyd W. and McMorrow, Dale and Melinger, Joseph S},
	Booktitle = {2009 IEEE International Reliability Physics Symposium},
	Pages = {194--198},
	Publisher = {IEEE},
	Title = {{2009 IEEE International Reliability Physics Symposium}}}

@article{Dodds:2009wh,
	Author = {Dodds, Nathaniel A},
	Journal = {etd.library.vanderbilt.edu},
	Month = jan,
	Title = {{CHARGE GENERATION BY SECONDARY PARTICLES FROM NUCLEAR {\ldots}}},
	Year = {2009}}

@article{Dodds:2009jh,
	Author = {Dodds, Nathaniel A and Reed, Robert A and Mendenhall, Marcus H and Weller, Robert A and Clemens, Michael A and Dodd, Paul E and Shaneyfelt, Marty R and Vizkelethy, Gyorgy and Schwank, Jim R and Ferlet-Cavrois, Veronique and Adams, James H and Schrimpf, Ronald D. and King, Michael P},
	Journal = {IEEE Trans. Nucl. Sci.},
	Month = dec,
	Number = {6, Part 1},
	Pages = {3172--3179},
	Title = {{Charge Generation by Secondary Particles From Nuclear Reactions in BEOL Materials}},
	Volume = {56},
	Year = {2009}}

@article{Berger:8tc,
	Author = {Berger, M J and Seltzer, S M},
	Journal = {Unknown},
	Title = {{Stopping powers and ranges of electrons and positrons}},
	Year = {1982}}

@article{Tung:wl,
	Author = {Tung, C and Ashley, J and Anderson, V and Ritchie, R},
	Journal = {{\ldots} Report RADC-TR-76-125 ( {\ldots}},
	Title = {{Inverse Mean Free Path, Stopping Power, CSDA Range, and Straggling in Silicon {\ldots}}}}

@article{Felix:2006jl,
	Author = {Felix, James A and Dodd, Paul E and Shaneyfelt, Marty R and Schwank, James R and Hash, Gerald L},
	Journal = {IEEE Trans. Nucl. Sci.},
	Month = dec,
	Number = {6},
	Pages = {3187--3194},
	Title = {{Radiation Response and Variability of Advanced Commercial Foundry Technologies}},
	Volume = {53},
	Year = {2006}}

@article{Tougaard:1982uh,
	Author = {Tougaard, S and Sigmund, P},
	Journal = {Physical Review B},
	Month = jan,
	Title = {{{\ldots} of elastic and inelastic scattering on energy spectra of electrons emitted from solids}},
	Year = {1982}}

@article{Sigmund:1982td,
	Author = {Sigmund, P},
	Journal = {Physical Review A},
	Month = jan,
	Title = {{Kinetic theory of particle stopping in a medium with internal motion}},
	Year = {1982}}

@article{Salvat:2001ul,
	Author = {Salvat, F and Fern{\'a}ndez-Varea, J and Sempau, J},
	Journal = {Proceedings of a Workshop/ {\ldots}},
	Month = jan,
	Title = {{PENELOPE, a code system for Monte Carlo simulation of electron and {\ldots}}},
	Year = {2001}}

@article{Heidel:2009vx,
	Author = {Heidel, David F and Marshall, Paul W and Pellish, Jonathan A and Rodbell, Kenneth P and LaBel, Kenneth A and Schwank, Jim R and Rauch, S.E. and Hakey, Mark C and Berg, Melanie D and Castaneda, C.M.},
	Date-Modified = {2013-10-11 01:10:26 +0000},
	Journal = {IEEE Trans. Nucl. Sci.},
	Month = {Dec.},
	Number = {6},
	Pages = {3499--3504},
	Title = {{Single-event upsets and multiple-bit upsets on a 45 nm SOI SRAM}},
	Volume = {56},
	Year = {2009}}

@article{Mendenhall:1994vx,
	Author = {Mendenhall, Marcus H and Weller, Robert A},
	Journal = {{\ldots} Instruments and Methods in {\ldots}},
	Month = jan,
	Title = {{An algorithm for ab initio computation of small-angle multiple scattering angular {\ldots}}},
	Year = {1994}}

@article{Dodd:1998ua,
	Author = {Dodd, Paul E},
	Journal = {osti.gov},
	Month = jan,
	Title = {{Mechanisms and modeling of single-event upset}},
	Year = {1998}}

@article{Tsao:1987uf,
	Author = {Tsao, SS and Fleetwood, Daniel M and Weaver, HT and Pfeiffer, L and Celler, GK},
	Journal = {IEEE Trans. Nucl. Sci.},
	Number = {6},
	Pages = {1686--1691},
	Title = {{Radiation-tolerant, sidewall-hardened SOI/MOS transistors}},
	Volume = {34},
	Year = {1987}}

@article{Dodd:1998tn,
	Author = {Dodd, Paul E and Musseau, O and Shaneyfelt, Marty R and Sexton, Fred W and D'hose, C and Hash, G and Martinez, M and Loemker, R and Leray, J and Winokur, PS},
	Journal = {IEEE Trans. Nucl. Sci.},
	Number = {6},
	Pages = {2483--2491},
	Title = {{Impact of Ion Energy on Single-EventUpset}},
	Volume = {45},
	Year = {1998}}

@article{Kobetich:1968im,
	Author = {Kobetich, E and Katz, Robert},
	Journal = {Physical Review},
	Month = jun,
	Number = {2},
	Pages = {391--396},
	Title = {{Energy Deposition by Electron Beams and δ Rays}},
	Volume = {170},
	Year = {1968}}

@article{Weller:2009io,
	Author = {Weller, Robert A and Reed, Robert A and Warren, Kevin M and Mendenhall, Marcus H and Sierawski, Brian D and Schrimpf, Ronald D. and Massengill, Lloyd W},
	Journal = {IEEE Trans. Nucl. Sci.},
	Number = {6},
	Pages = {3098--3108},
	Title = {{General Framework for Single Event Effects Rate Prediction in Microelectronics}},
	Volume = {56},
	Year = {2009}}

@article{Yao:2008ce,
	Author = {Yao, Xiaoyin and Hindman, N and Clark, L T and Holbert, K E and Alexander, D R and Shedd, W M},
	Journal = {IEEE Trans. Nucl. Sci.},
	Month = dec,
	Number = {6},
	Pages = {3280--3287},
	Title = {{The Impact of Total Ionizing Dose on Unhardened SRAM Cell Margins}},
	Volume = {55},
	Year = {2008}}

@article{Kobayashi:2004dg,
	Author = {Kobayashi, Aaron S and Sternberg, Andrew L and Massengill, Lloyd W and Schrimpf, Ronald D. and Weller, Robert A},
	Journal = {IEEE Trans. Nucl. Sci.},
	Number = {6},
	Pages = {3312--3317},
	Title = {{Spatial and temporal characteristics of energy deposition by protons and alpha particles in silicon}},
	Volume = {51},
	Year = {2004}}

@article{Katz:1990ub,
	Author = {Katz, R and Loh, K and Daling, L},
	Journal = {{\ldots} and Defects in Solids},
	Month = jan,
	Title = {{{\ldots} analytic representation of the radial distribution of dose from energetic heavy {\ldots}}},
	Year = {1990}}

@article{Fleetwood:1993vs,
	Author = {Fleetwood, Daniel M and Winokur, PS and Reber, RA and Meisenheimer, TL and Schwank, Jim R and Shaneyfelt, Marty R and Riewe, LC},
	Journal = {J. Appl. Phys.},
	Number = {10},
	Pages = {5058--5074},
	Title = {{Effects of oxide traps, interface traps, and ``border traps''on metal‐oxide‐semiconductor devices}},
	Volume = {73},
	Year = {1993}}

@article{Fleetwood:1990wca,
	Author = {Fleetwood, Daniel M and Scofield, J},
	Journal = {Physical review letters},
	Month = jan,
	Title = {{Evidence that similar point defects cause 1/f noise and radiation-induced-hole {\ldots}}},
	Year = {1990}}

@article{Chunxiang:1985wd,
	Author = {Chunxiang, Z and Dunn, D and Katz, R},
	Journal = {Radiat. Prot. Dosim},
	Month = jan,
	Title = {{{\ldots} distribution of dose and cross-sections for the inactivation of dry enzymes {\ldots}}},
	Year = {1985}}

@article{Tang:2007vi,
	Author = {Tang, HHK and Murray, CE and Fiorenza, Giovanni and Rodbell, Kenneth P and Gordon, MS},
	Journal = {IEEE Trans. Nucl. Sci.},
	Number = {6 Part 1},
	Pages = {2162--2167},
	Title = {{Importance of BEOL Modeling in Single Event Effect Analysis}},
	Volume = {54},
	Year = {2007}}

@article{Stapor:1988ws,
	Author = {Stapor, WJ and McDonald, P},
	Journal = {J. Appl. Phys.},
	Pages = {4430},
	Title = {{Practical approach to ion track energy distribution}},
	Volume = {64},
	Year = {1988}}

@article{Agostinelli:2003vd,
	Author = {Agostinelli, S and Allison, J and Amako, K and Apostolakis, J and Araujo, H and Arce, P and Asai, Makoto and Axen, D and Banerjee, S and Barrand, G},
	Date-Modified = {2013-10-11 01:13:33 +0000},
	Journal = {Nucl. Instrum. Meth. A},
	Month = {July},
	Number = {3},
	Pages = {250--303},
	Title = {{Geant4{---}a simulation toolkit}},
	Volume = {506},
	Year = {2003}}

@article{Tang:2009ji,
	Author = {Tang, H.H.K. and Murray, C.E. and Fiorenza, Giovanni and Rodbell, Kenneth P and Heidel, David F},
	Journal = {IEEE Trans. Nucl. Sci.},
	Number = {6},
	Pages = {3093--3097},
	Title = {{Modeling of alpha-induced single event upsets for 45 nm node SOI devices using realistic C4 and 3D circuit geometries}},
	Volume = {56},
	Year = {2009}}

@article{Fageeha:1994tc,
	Author = {Fageeha, O and Howard, J and Block, R C},
	Journal = {J. Appl. Phys.},
	Number = {5},
	Pages = {2317--2321},
	Title = {{Distribution of radial energy deposition around the track of energetic charged particles in silicon}},
	Volume = {75},
	Year = {1994}}

@article{Chunxiang:1985uo,
	Author = {Chunxiang, Z and Dunn, D E and Katz, R},
	Number = {1},
	Pages = {4},
	Title = {{Radial distribution of dose and cross-sections for the inactivation of dry enzymes and viruses}},
	Volume = {13},
	Year = {1985}}

@article{Haran:2008ta,
	Author = {Haran, BS and Kumar, A and Adam, L and Chang, J and Basker, V and Kanakasabapathy, S and Horak, D and Fan, S and Chen, J and Faltermeier, J},
	Journal = {IEEE International Electron Devices Meeting, 2008. IEDM 2008},
	Pages = {1--4},
	Title = {{22 nm technology compatible fully functional 0.1 m 2 6T-SRAM cell}},
	Year = {2008}}

@article{Reed:2007vz,
	Author = {Reed, Robert A and Weller, Robert A and Mendenhall, Marcus H and Lauenstein, J and Warren, KM and Pellish, JA and Schrimpf, Ronald D. and Sierawski, Brian D and Massengill, Lloyd W and Dodd, Paul E},
	Journal = {IEEE Trans. Nucl. Sci.},
	Number = {6},
	Pages = {2312--2321},
	Title = {{Impact of ion energy and species on single event effects analysis}},
	Volume = {54},
	Year = {2007}}

@article{Rodbell:2007vl,
	Author = {Rodbell, Kenneth P and Heidel, David F and Tang, H.H.K. and Gordon, M.S. and Oldiges, P and Murray, C.E.},
	Date-Modified = {2013-10-11 01:06:11 +0000},
	Journal = {IEEE Trans. Nucl. Sci.},
	Month = {Dec.},
	Number = {6},
	Pages = {2474--2479},
	Title = {{Low-energy proton-induced single-event-upsets in 65 nm node, silicon-on-insulator, latches and memory cells}},
	Volume = {54},
	Year = {2007}}

@article{Salvat:2006wz,
	Author = {Salvat, F and Fern{\'a}ndez-Varea, J and Sempau, J},
	Journal = {Workshop Proceedings},
	Pages = {7},
	Title = {{PENELOPE-2006: A code system for Monte Carlo simulation of electron and photon transport}},
	Volume = {4},
	Year = {2006}}

@article{Salvat:1993wi,
	Author = {Salvat, F and Mayol, R},
	Journal = {Computer physics communications},
	Pages = {358--374},
	Title = {{Elastic scattering of electrons and positrons by atoms. Schr{\"o}dinger and Dirac partial wave analysis}},
	Volume = {74},
	Year = {1993}}

@article{Salvat:2005wz,
	Author = {Salvat, F and Jablonski, A and Powell, CJ},
	Journal = {Computer physics communications},
	Number = {2},
	Pages = {157--190},
	Title = {{ELSEPA---Dirac partial-wave calculation of elastic scattering of electrons and positrons by atoms, positive ions and molecules}},
	Volume = {165},
	Year = {2005}}

@article{Mathew:1999cg,
	Author = {Mathew, S and Guofu Niu and Clark, S and Cressler, John D and Palmer, M and Dubbelday, W},
	Journal = {IEEE Trans. Nucl. Sci.},
	Number = {6},
	Pages = {1848--1853},
	Title = {{Radiation-induced back-channel leakage in SiGe CMOS on silicon-on-sapphire (SOS) technology}},
	Volume = {46},
	Year = {1999}}

@article{Srour:1977bw,
	Author = {Srour, J and Othmer, S and Chen, S},
	Journal = {IEEE Trans. Nucl. Sci.},
	Number = {6},
	Pages = {2119--2127},
	Title = {{Leakage Current Phenomena in Irradiated SOS Devices}},
	Volume = {24},
	Year = {1977}}

@article{FerletCavrois:2000et,
	Author = {Ferlet-Cavrois, Veronique and Colladant, T and Paillet, Philippe and Leray, J and Musseau, O and Schwank, Jim R and Shaneyfelt, Marty R and Pelloie, J and du Port de Poncharra, J},
	Journal = {IEEE Trans. Nucl. Sci.},
	Number = {6},
	Pages = {2183--2188},
	Title = {{Worst-case bias during total dose irradiation of SOI transistors}},
	Volume = {47},
	Year = {2000}}

@article{elMamouni:2009fx,
	Author = {El-Mamouni, Farah and En Xia Zhang and Schrimpf, Ronald D. and Fleetwood, Daniel M and Reed, Robert A and Cristoloveanu, S and Weize Xiong},
	Journal = {IEEE Trans. Nucl. Sci.},
	Number = {6},
	Pages = {3250--3255},
	Title = {{Fin-width dependence of ionizing radiation-induced subthreshold-swing degradation in 100-nm-gate-length FinFETs}},
	Volume = {56},
	Year = {2009}}

@article{Tipton:2008ur,
	Author = {Tipton, A},
	Journal = {etd.library.vanderbilt.edu},
	Month = jan,
	Title = {{On the Impact of Device Orientation on the Multiple Cell Upset Radiation Response in Nanoscale Integrated Circuits}},
	Year = {2008}}

@article{Fleetwood:1995tk,
	Author = {Fleetwood, Daniel M and Shaneyfelt, Marty R and Warren, W},
	Journal = {Microelectronics and {\ldots}},
	Month = jan,
	Title = {{Border traps: issues for MOS radiation response and long-term reliability}},
	Year = {1995}}

@article{Nair:2013to,
	Author = {Nair, D and Gale, R and Karp, T},
	Journal = {IEEE TRANSACTIONS ON NUCLEAR {\ldots}},
	Title = {{Total Ionizing Dose Effects on Data Retention Capabilities of Battery-Backed CMOS SRAM}},
	Year = {2013}}

@article{Dressendorfer:1981kg,
	Author = {Dressendorfer, P V and Soden, J M and Harrington, J J and Nordstrom, T V},
	Journal = {IEEE Trans. Nucl. Sci.},
	Month = dec,
	Number = {6},
	Pages = {4281--4287},
	Title = {{The Effects of Test Conditions on MOS Radiation-Hardness Results}},
	Volume = {28},
	Year = {1981}}

@article{Galloway:1990kh,
	Author = {Galloway, K F and Schrimpf, R D},
	Journal = {Microelectronics Journal},
	Month = jan,
	Number = {2},
	Pages = {67--81},
	Title = {{MOS device degradation due to total dose ionizing radiation in the natural space environment: A review}},
	Volume = {21},
	Year = {1990}}

@article{Arreghini:2005tm,
	Author = {Arreghini, A and Driussi, F and Esseni, D and Selmi, L},
	Journal = {Microelectronic {\ldots}},
	Month = jan,
	Title = {{New charge pumping model for the analysis of the spatial trap distribution in the nitride layer of SONOS devices}},
	Year = {2005}}

@article{HangTingLue:2007wt,
	Author = {Hang-Ting Lue and Pei-Ying Du and Szu-Yu Wang and Erh-Kun Lai and Kuang-Yeu Hsieh and Rich Liu and Chih-Yuan Lu},
	Journal = {Reliability physics symposium, 2007. proceedings. 45th annual. ieee international DOI - 10.1109/RELPHY.2007.369889},
	Pages = {177--183},
	Title = {{A Novel Gate-Sensing and Channel-Sensing Transient Analysis Method for Real-Time Monitoring of Charge Vertical Location in Sonos-Type Devices and its Applications in Reliability Studies}},
	Year = {2007}}

@article{Bu:2001vu,
	Author = {Bu, J and White, M},
	Journal = {Solid State Electronics},
	Month = jan,
	Title = {{Electrical characterization of ONO triple dielectric in SONOS nonvolatile memory devices}},
	Year = {2001}}

@article{Wang:2006um,
	Author = {Wang, S and Lue, H and Lai, E and Yang, L and Gong, J},
	Month = jan,
	Title = {{Effect of fabrication process on the charge trapping behavior of SiON thin films}},
	Year = {2006}}

@article{HangTingLue:2008et,
	Author = {Hang-Ting Lue and Pei-Ying Du and Szu-Yu Wang and Kuang-Yeu Hsieh and Rich Liu and Chih-Yuan Lu},
	Journal = {IEEE Trans. Elec. Dev.},
	Number = {8},
	Pages = {2218--2228},
	Title = {{A Study of Gate-Sensing and Channel-Sensing (GSCS) Transient Analysis Method---Part I: Fundamental Theory and Applications to Study of the Trapped Charge Vertical Location and Capture Efficiency of SONOS-Type Devices}},
	Volume = {55},
	Year = {2008}}

@article{PeiYingDu:2007et,
	Author = {Pei-Ying Du and Hang-Ting Lue and Szu-Yu Wang and Erh-Kun Lai and Tiao-Yuan Huang and Kuang-Yeu Hsieh and Liu, R and Chih-Yuan Lu},
	Journal = {IEEE Trans. Device Mater. Reliab.},
	Number = {3},
	Pages = {407--419},
	Title = {{Study of the Gate-Sensing and Channel-Sensing Transient Analysis Method for Monitoring the Charge Vertical Location of SONOS-Type Devices}},
	Volume = {7},
	Year = {2007}}

@article{PeiYingDu:2008et,
	Author = {Pei-Ying Du and Hang-Ting Lue and Szu-Yu Wang and Tiao-Yuan Huang and Kuang-Yeu Hsieh and Liu, R and Chih-Yuan Lu},
	Journal = {IEEE Trans. Elec. Dev.},
	Number = {8},
	Pages = {2229--2237},
	Title = {{A Study of Gate-Sensing and Channel-Sensing (GSCS) Transient Analysis Method Part II: Study of the Intra-Nitride Behaviors and Reliability of SONOS-Type Devices}},
	Volume = {55},
	Year = {2008}}

@article{Stathis:1999uy,
	Author = {Stathis, JH},
	Journal = {J. Appl. Phys.},
	Pages = {5757},
	Title = {{Percolation models for gate oxide breakdown}},
	Volume = {86},
	Year = {1999}}

@article{Gaitan:1989et,
	Author = {Gaitan, M and Enlow, E and Russell, T},
	Journal = {IEEE Trans. Nucl. Sci.},
	Number = {6},
	Pages = {1990--1997},
	Title = {{Accuracy of the charge pumping technique for small geometry MOSFETs}},
	Volume = {36},
	Year = {1989}}

@article{Groeseneken:1984vl,
	Author = {Groeseneken, G and Maes, H and Beltran, N and de Keersmaecker, R},
	Journal = {IEEE Trans. Elec. Dev.},
	Number = {1},
	Pages = {42--53},
	Title = {{A reliable approach to charge-pumping measurements in MOS transistors}},
	Volume = {31},
	Year = {1984}}

@article{Paulsen:1994et,
	Author = {Paulsen, R and White, M},
	Journal = {IEEE Trans. Elec. Dev.},
	Number = {7},
	Pages = {1213--1216},
	Title = {{Theory and application of charge pumping for the characterization of Si-SiO2 interface and near-interface oxide traps}},
	Volume = {41},
	Year = {1994}}

@article{Dixit:2005et,
	Author = {Dixit, A and Kottantharayil, A and Collaert, N and Goodwin, M and Jurczak, M and de Meyer, K},
	Journal = {IEEE Trans. Elec. Dev.},
	Number = {6},
	Pages = {1132--1140},
	Title = {{Analysis of the parasitic S/D resistance in multiple-gate FETs}},
	Volume = {52},
	Year = {2005}}

@article{Pagey:2001et,
	Author = {Pagey, M and Schrimpf, Ronald D. and Galloway, K and Nicklaw, C and Ikeda, S and Kamohara, S},
	Journal = {IEEE Elec. Dev. Lett.},
	Number = {6},
	Pages = {290--292},
	Title = {{A hydrogen-transport-based interface-trap-generation model for hot-carrier reliability prediction}},
	Volume = {22},
	Year = {2001}}

@article{FerletCavrois:2002et,
	Author = {Ferlet-Cavrois, Veronique and Gasiot, G and Marcandella, C and D'hose, C and Flament, Olivier and Faynot, O and du Port de Pontcharra, J and Raynaud, C},
	Journal = {IEEE Trans. Nucl. Sci.},
	Number = {6},
	Pages = {2948--2956},
	Title = {{Insights on the transient response of fully and partially depleted SOI technologies under heavy-ion and dose-rate irradiations}},
	Volume = {49},
	Year = {2002}}

@article{WonHo:2008vc,
	Author = {Choi, W.H. and Park, S.S. and Han, I.S. and Na, M.K. and Om, J.C. and Lee, S.S. and Bae, G.H. and Lee, H.D. and Lee, G.W.},
	Journal = {Japanese journal of applied physics},
	Pages = {2692},
	Title = {{New Charge Pumping Method for Characterization of Charge Trapping Layer in Oxide-Nitride-Oxide Structure}},
	Volume = {47},
	Year = {2008}}

@article{Takeuchi:2003vl,
	Author = {Takeuchi, M and King, H},
	Journal = {IEEE Elec. Dev. Lett.},
	Number = {5},
	Pages = {309--311},
	Title = {{Silicon-nitride as a tunnel dielectric for improved SONOS-type flash memory}},
	Volume = {24},
	Year = {2003}}

@article{Das:1999to,
	Author = {Das, M},
	Journal = {adsabs.harvard.edu},
	Month = jan,
	Title = {{Fundamental studies of the silicon carbide MOS structure}},
	Year = {1999}}

@article{Shenoy:1996ud,
	Author = {Shenoy, JN},
	Journal = {ETD Collection for Purdue University},
	Title = {{Basic MOS studies for silicon carbide power devices}},
	Year = {1996}}

@article{Milanowski:1998et,
	Author = {Milanowski, RJ and Pagey, MP and Massengill, Lloyd W and Schrimpf, Ronald D. and Wood, ME and Offord, BW and Graves, RJ and Galloway, KF and Nicklaw, CJ and Kelley, EP},
	Journal = {IEEE Trans. Nucl. Sci.},
	Number = {6},
	Pages = {2593--2599},
	Title = {{TCAD-assisted analysis of back-channel leakage in irradiated mesa SOI nMOSFETs}},
	Volume = {45},
	Year = {1998}}

@inproceedings{Pagey:1996et,
	Author = {Pagey, M and Milanowski, R and Snyder, E and Bui, N and Deem, B and Bhuva, B and Kerns, S},
	Booktitle = {Reliability Physics Symposium, 1996. 34th Annual Proceedings., IEEE International},
	Pages = {289--293},
	Title = {{Unified model for n-channel hot-carrier degradation under different degradation mechanisms}},
	Year = {1996}}

@article{Leray:2000et,
	Author = {Tavemier, C. and Belhaddad, K. and Penzin, O.},
	Journal = {RADECS...},
	Pages = {321},
	Title = {{Impact Of Technology Scaling In SOI Back-Charinel Total Dose Tolerance. A 2-D Numerical Study Using Self-Consistent Oxide Code Jean-Luc Leray, Philippe Paillet, Veronique Ferlet-Cavrois CEA-DAM Ile-de-Fiance, F-91680 Bruyetes-Le-Chatel, France}},
	Volume = {5},
	Year = {1999}}

@article{LU:2003vl,
	Author = {LU, Z and Nicklaw, C and Felix, J A},
	Journal = {Proceedings- {\ldots}},
	Month = jan,
	Title = {{Dipoles in SiO2: Border traps or not?}},
	Year = {2003}}

@article{LU:2003uc,
	Author = {LU, Z and Nicklaw, C and Fleetwood, Daniel M},
	Journal = {Physical Review},
	Month = jan,
	Title = {{Erratum: Structure, Properties, and Dynamics of Oxygen Vacancies in Amorphous SiO2 [Phys. Rev. Lett. 89, 285505]}},
	Year = {2003}}

@article{Nicklaw:2003vl,
	Author = {Nicklaw, C},
	Journal = {etd.library.vanderbilt.edu},
	Month = jan,
	Title = {{Multi-Level Modeling of Total Ionizing Dose in a-SiO2: First Principles to Circuits}},
	Year = {2003}}

@article{Akkerman:2009te,
	Author = {Akkerman, A and Murat, M and Barak, J},
	Journal = {J. Appl. Phys.},
	Number = {11},
	Pages = {113703--113703--12},
	Title = {{Monte Carlo calculations of electron transport in silicon and related effects for energies of 0.02--200 keV}},
	Volume = {106},
	Year = {2009}}

@article{Tipton:2008et,
	Author = {Tipton, A and Xiaowei Zhu and Haixiao Weng},
	Journal = {IEEE Trans. Device Mater. Reliab.},
	Number = {3},
	Pages = {565--570},
	Title = {{Increased Rate of Multiple-Bit Upset From Neutrons at Large Angles of Incidence}},
	Volume = {8},
	Year = {2008}}

@article{Tipton:2008eta,
	Author = {Tipton, A},
	Journal = {IEEE Trans. Nucl. Sci.},
	Number = {6},
	Pages = {2880--2885},
	Title = {{Device-Orientation Effects on Multiple-Bit Upset in 65 nm SRAMs}},
	Volume = {55},
	Year = {2008}}

@article{Pellish:2007et,
	Author = {Pellish, J A and Reed, R A and Sutton, A K and Weller, Robert A and Carts, M A and Marshall, P W and Marshall, C J and Krithivasan, R and Cressler, J D and Mendenhall, M H and Schrimpf, R D and Warren, K M and Sierawski, B D and Niu, G F},
	Journal = {IEEE Trans. Nucl. Sci.},
	Number = {6},
	Pages = {2322--2329},
	Title = {{A Generalized SiGe HBT Single-Event Effects Model for On-Orbit Event Rate Calculations}},
	Volume = {54},
	Year = {2007}}

@article{Edmonds:1996ul,
	Author = {Edmonds, L D},
	Journal = {IEEE Trans. Nucl. Sci.},
	Number = {4},
	Pages = {2346--2357},
	Title = {{A graphical method for estimating charge collected by diffusion from an ion track}},
	Volume = {43},
	Year = {1996}}

@article{Edmonds:2005et,
	Author = {Edmonds},
	Journal = {J. Appl. Phys.},
	Number = {12},
	Pages = {124506--124506--7},
	Title = {{High-level injection in n+-p junction silicon devices}},
	Volume = {97},
	Year = {2005}}

@article{Edmonds:1991et,
	Author = {Edmonds},
	Journal = {IEEE Trans. Nucl. Sci.},
	Number = {5},
	Pages = {999--1004},
	Title = {{Theoretical prediction of the impact of Auger recombination on charge collection from an ion track}},
	Volume = {38},
	Year = {1991}}

@article{Edmonds:2010et,
	Author = {Edmonds, L D},
	Journal = {IEEE Trans. Nucl. Sci.},
	Number = {2},
	Pages = {818--830},
	Title = {{A Theoretical Analysis of Steady-State Charge Collection in Simple Diodes Under High-Injection Conditions}},
	Volume = {57},
	Year = {2010}}

@article{Edmonds:2001et,
	Author = {Edmonds},
	Journal = {IEEE Trans. Nucl. Sci.},
	Number = {5},
	Pages = {1609--1622},
	Title = {{A time-dependent charge-collection efficiency for diffusion}},
	Volume = {48},
	Year = {2001}}

@article{Edmonds:1997et,
	Author = {Edmonds},
	Journal = {IEEE Trans. Nucl. Sci.},
	Number = {3},
	Pages = {1448--1463},
	Title = {{Charge collection from ion tracks in simple EPI diodes}},
	Volume = {44},
	Year = {1997}}

@article{Edmonds:1998et,
	Author = {Edmonds},
	Journal = {IEEE Trans. Nucl. Sci.},
	Number = {1},
	Pages = {30--40},
	Title = {{The influence of spatial variations of diffusion length on charge collected by diffusion from ion tracks}},
	Volume = {45},
	Year = {1998}}

@article{Weller:2010ud,
	Author = {Weller, Robert A and Mendenhall, Marcus H and Reed, Robert A and Schrimpf, Ronald D. and Warren, Kevin M and Sierawski, Brian D and Massengill, Lloyd W},
	Date-Modified = {2013-10-11 01:11:30 +0000},
	Journal = {IEEE Trans. Nucl. Sci.},
	Month = {Aug.},
	Number = {4},
	Pages = {1726--1746},
	Title = {{Monte Carlo simulation of single event effects}},
	Volume = {57},
	Year = {2010}}

@article{Salvat:ue,
	Author = {Salvat, F and Fern{\'a}ndez-Varea, J and Sempau, J},
	Date-Modified = {2013-10-11 01:14:12 +0000},
	Journal = {[Online] http://www.oecd-nea.org/science/pubs/2009/nea6416-penelope.pdf},
	Title = {{PENELOPE-2008: A code system for Monte Carlo simulation of electron and photon transport}}}

@article{Autran:1995ur,
	Author = {Autran, J and Balland, B and Babot, D},
	Journal = {Journal of Non-Crystalline Solids},
	Month = jan,
	Title = {{Three-level charge pumping study of radiation-induced defects at Si---SiO2 interface in submicrometer MOS transistors* 1}},
	Year = {1995}}

@article{Autran:1992ws,
	Author = {Autran, J L and Djahli, F and Balland, B and Plossu, C},
	Title = {{Three-level charge pumping on submicronic MOS transistors}},
	Year = {1992}}

@article{Paillet:2002uy,
	Author = {Paillet, Philippe and Schwank, Jim R and Shaneyfelt, Marty R},
	Journal = {{\ldots} Science},
	Month = jan,
	Title = {{Comparison of charge yield in MOS devices for different radiation sources}},
	Year = {2002}}

@article{Waligorski:1986gi,
	Author = {Waligorski, M and Hamm, R and Katz, R},
	Journal = {International Journal of Radiation Applications and Instrumentation. Part D. Nuclear Tracks and Radiation Measurements},
	Number = {6},
	Pages = {309--319},
	Title = {{The radial distribution of dose around the path of a heavy ion in liquid water}},
	Volume = {11},
	Year = {1986}}

@article{Katz:1968vu,
	Author = {Katz, R and Kobetich, E},
	Journal = {Physical Review},
	Month = jan,
	Title = {{Response of NaI (T 1) to Energetic Heavy Ions}},
	Year = {1968}}

@article{Katz:1969uo,
	Author = {Katz, R and Kobetich, E},
	Journal = {Physical Review},
	Month = jan,
	Title = {{Particle tracks in emulsion}},
	Year = {1969}}

@article{Katz:1968fo,
	Author = {Katz, Robert and Kobetich, E},
	Journal = {Physical Review},
	Month = jun,
	Number = {2},
	Pages = {401--405},
	Title = {{Formation of Etchable Tracks in Dielectrics}},
	Volume = {170},
	Year = {1968}}

@article{Ritchie:1965vu,
	Author = {Ritchie, R and Ashley, J},
	Journal = {Journal of Physics and Chemistry of Solids},
	Month = jan,
	Title = {{The interaction of hot electrons with a free electron gas}},
	Year = {1965}}

@article{McLean:1987ve,
	Author = {McLean, F and Boesch Jr, H},
	Journal = {adsabs.harvard.edu},
	Month = jan,
	Title = {{Dispersive hole transport in SiO2}},
	Year = {1987}}

@article{Lundstrom:1982td,
	Author = {Lundstr{\"o}m, I},
	Journal = {Sensors and Actuators},
	Month = jan,
	Title = {{Hydrogen sensitive MOS-structures Part 2: characterization}},
	Year = {1982}}

@article{Srour:2003uv,
	Author = {Srour, JR and Marshall, C.J. and Marshall, Paul W},
	Journal = {IEEE Trans. Nucl. Sci.},
	Number = {3},
	Pages = {653--670},
	Title = {{Review of displacement damage effects in silicon devices}},
	Volume = {50},
	Year = {2003}}

@article{Summers:2002wn,
	Author = {Summers, G.P and Burke, E.A and Shapiro, P and Messenger, S.R and Walters, R.J},
	Journal = {IEEE Trans. Nucl. Sci.},
	Number = {6},
	Pages = {1372--1379},
	Title = {{Damage correlations in semiconductors exposed to gamma, electron and proton radiations}},
	Volume = {40},
	Year = {1993}}

@article{Burke:2007wv,
	Author = {Burke, E.A},
	Journal = {IEEE Trans. Nucl. Sci.},
	Number = {6},
	Pages = {1276--1281},
	Title = {{Energy dependence of proton-induced displacement damage in silicon}},
	Volume = {33},
	Year = {1986}}

@article{Dale:2002wt,
	Author = {Dale, C and Marshall, Paul W and Cummings, B and Shamey, L. and Holland, A.},
	Journal = {IEEE Trans. Nucl. Sci.},
	Number = {6},
	Pages = {1628--1637},
	Title = {{Displacement damage effects in mixed particle environments for shielded spacecraft CCDs}},
	Volume = {40},
	Year = {1993}}

@article{Anspaugh:2002vk,
	Author = {Anspaugh, B},
	Journal = {{\ldots} Conference},
	Month = jan,
	Title = {{Proton and electron damage coefficients for GaAs/Ge solar cells}},
	Year = {2002}}

@article{Azimov:1974vs,
	Author = {Azimov, K and Gorodetskii, S and Grigor'eva, G},
	Journal = {{\ldots} (Engl. Transl.)},
	Month = jan,
	Title = {{Influence of disordered regions on the recombination in proton-irradiated p-type silicon}},
	Year = {1974}}

@article{Weaver:2002es,
	Author = {Messenger, S.R and Burke, E.A and Summers, G.P and Xapsos, M.A and Walters, R.J and Jackson, E.M and Weaver, B.D},
	Journal = {IEEE Trans. Nucl. Sci.},
	Number = {6},
	Pages = {1595--1602},
	Title = {{Nonionizing energy loss (NIEL) for heavy ions}},
	Volume = {46},
	Year = {1999}}

@article{Saito:1998vz,
	Author = {Saito, R},
	Title = {{Physical properties of carbon nanotubes (paperback)}},
	Year = {1998}}

@article{Tans:1998vh,
	Author = {Tans, S J and Verschueren, ARM and Dekker, C},
	Journal = {Nature},
	Title = {{Room-temperature transistor based on a single carbon nanotube}},
	Year = {1998}}

@article{Fleetwood:2004eb,
	Author = {Fleetwood, Daniel M},
	Journal = {IEEE Trans. Nucl. Sci.},
	Month = jan,
	Number = {6},
	Pages = {3669--3678},
	Title = {{A screened Coulomb scattering module for displacement damage computations in Geant4}},
	Volume = {51},
	Year = {2004}}

@article{Summers:2002hl,
	Author = {Summers, G},
	Journal = {IEEE Trans. Nucl. Sci.},
	Month = jan,
	Number = {6},
	Pages = {2169--2173},
	Title = {{Proton displacement damage and ionizing dose for shielded devices in space}},
	Volume = {44},
	Year = {2002}}

@article{Jun:2004wl,
	Author = {Jun, I and Xapsos, M.A and Messenger, S.R and Burke, E.A and Walters, R.J and Summers, G.P and Jordan, T.},
	Journal = {IEEE Trans. Nucl. Sci.},
	Number = {6},
	Pages = {1924--1928},
	Title = {{Proton nonionizing energy loss (NIEL) for device applications}},
	Volume = {50},
	Year = {2003}}

@article{Barry:2002tx,
	Author = {Barry, AL and Houdayer, AJ and Hinrichsen, PF and Letourneau, WG and Vincent, J.},
	Journal = {IEEE Trans. Nucl. Sci.},
	Number = {6},
	Pages = {2104--2107},
	Title = {{The energy dependence of lifetime damage constants in GaAs LEDs for 1-500 MeV protons}},
	Volume = {42},
	Year = {1995}}

@article{Ko:2010vo,
	Author = {Ko, H and Takei, K and Kapadia, R and Chuang, S and Fang, H},
	Journal = {Nature},
	Month = jan,
	Title = {{Ultrathin compound semiconductor on insulator layers for high-performance nanoscale transistors}},
	Year = {2010}}

@article{Hubert:2009uy,
	Author = {Hubert, G and Velazco, R},
	Journal = {On-Line Testing {\ldots}},
	Month = jan,
	Title = {{A generic platform for remote accelerated tests and high altitude SEU experiments on advanced ICs: Correlation with MUSCA SEP3 calculations}},
	Year = {2009}}

@article{Hubert:2009th,
	Author = {Hubert, G and Duzellier, S and Inguimbert, C and Boatella-Polo, C. and Bezerra, F. and Ecoffet, R.},
	Journal = {IEEE Trans. Nucl. Sci.},
	Number = {6},
	Pages = {3032--3042},
	Title = {{Operational SER Calculations on the SAC-C Orbit Using the Multi-Scales Single Event Phenomena Predictive Platform (MUSCA {\$}{rm SEP}^{3} {\$})}},
	Volume = {56},
	Year = {2009}}

@article{Tehrani:2002vq,
	Author = {Tehrani, S and Slaughter, J and Chen, E},
	Journal = {Magnetics},
	Month = jan,
	Title = {{Progress and outlook for MRAM technology}},
	Year = {2002}}

@article{Engel:2005vs,
	Author = {Engel, B and Akerman, J and Butcher, B},
	Journal = {Magnetics},
	Month = jan,
	Title = {{A 4-Mb toggle MRAM based on a novel bit and switching method}},
	Year = {2005}}

@article{Foulkes:2001td,
	Author = {Foulkes, W and Mitas, L and Needs, R},
	Journal = {Reviews of Modern Physics},
	Month = jan,
	Title = {{Quantum Monte Carlo simulations of solids}},
	Year = {2001}}

@article{Jacoboni:1983vx,
	Author = {Jacoboni, C},
	Journal = {Reviews of Modern Physics},
	Month = jan,
	Title = {{The Monte Carlo method for the solution of charge transport in semiconductors with applications to covalent materials}},
	Year = {1983}}

@article{Fischetti:1993ue,
	Author = {Fischetti, M},
	Journal = {Physical Review B},
	Month = jan,
	Title = {{Monte Carlo study of electron transport in silicon inversion layers}},
	Year = {1993}}

@article{Fischetti:1987tf,
	Author = {Fischetti, M and DiMaria, D and Dori, L and Batey, J},
	Journal = {Physical Review B},
	Month = jan,
	Title = {{Ballistic electron transport in thin silicon dioxide films}},
	Year = {1987}}

@article{Fischetti:1985ub,
	Author = {Fischetti, M},
	Journal = {Physical review letters},
	Month = jan,
	Title = {{Quantum Monte Carlo simulation of high-field electron transport: An application to silicon dioxide}},
	Year = {1985}}

@article{Fischetti:1985tp,
	Author = {Fischetti, M and DiMaria, D and Brorson, S and Theis, T},
	Journal = {Physical Review B},
	Month = jan,
	Title = {{Theory of high-field electron transport in silicon dioxide}},
	Year = {1985}}

@article{Fischetti:1988ty,
	Author = {Fischetti, M},
	Journal = {Physical Review B},
	Month = jan,
	Title = {{Monte Carlo analysis of electron transport in small semiconductor devices including band-structure and space-charge effects}},
	Year = {1988}}

@article{Derycke:2001vv,
	Author = {Derycke, V and Martel, R and Appenzeller, J and Avouris, P},
	Journal = {Nano Letters},
	Title = {{Carbon nanotube inter-and intramolecular logic gates}},
	Year = {2001}}

@article{Jannaty:to,
	Author = {Jannaty, Pooya and Sabou, F C and Gadlage, Matthew J and Bahar, R I and Mundy, J and Patterson, W. and Reed, Robert A and Weller, Robert A and Schrimpf, Ronald D. and Zaslavsky, Alexander},
	Journal = {IEEE Trans. Nucl. Sci.},
	Number = {6},
	Pages = {3768--3774},
	Title = {{Two-dimensional Markov chain analysis of radiation-induced soft errors in subthreshold nanoscale CMOS devices}},
	Volume = {57},
	Year = {2010}}

@article{Rueckes:2000kr,
	Author = {Rueckes, Thomas and Kim, Kyoungha and Joselevich, Ernesto and Tseng, Greg Y and Cheung, Chin-Li and Lieber, Charles M},
	Journal = {{\ldots} Science},
	Month = jul,
	Number = {5476},
	Pages = {94--97},
	Title = {{Carbon Nanotube-Based Nonvolatile Random Access Memory for Molecular Computing}},
	Volume = {289},
	Year = {2000}}

@article{LouisFleischer:1975td,
	Author = {Louis Fleischer, Robert and Buford Price, Paul and M Walker, Robert},
	Month = jan,
	Pages = {605},
	Title = {{Nuclear tracks in solids: principles and applications‎}},
	Year = {1975}}

@article{Segre:1977ut,
	Author = {Segr{\`e}, Emilio},
	Month = jan,
	Pages = {966},
	Title = {{Nuclei and particles: an introduction to nuclear and subnuclear physics‎ - Page 107}},
	Year = {1977}}

@article{Tuttle:2010p11298,
	Author = {Tuttle, B and Hughart, D and Schrimpf, Ronald D. and Fleetwood, Daniel M and Pantelides, S},
	Journal = {IEEE Trans. Nucl. Sci.},
	Month = jan,
	Number = {6},
	Pages = {3046--3053},
	Title = {{Defect Interactions of {\$}{hbox{H}}{\_}{2}{\$} in {\$}{hbox{SiO}}{\_}{2}{\$}: Implications for ELDRS and Latent Interface Trap Buildup}},
	Volume = {57},
	Year = {2010}}

@article{zhang:2010p11299,
	Author = {Zhang, C and Zhang, E and Fleetwood, Daniel M and Schrimpf, Ronald D. and Galloway, K and Simoen, E and Mitard, J and Claeys, C},
	Journal = {IEEE Trans. Nucl. Sci.},
	Month = jan,
	Number = {6},
	Pages = {3066--3070},
	Title = {{Effects of Processing and Radiation Bias on Leakage Currents in Ge pMOSFETs}},
	Volume = {57},
	Year = {2010}}

@article{Marshall:2010da,
	Author = {Marshall, Cheryl J and Marshall, Paul W and Ladbury, Raymond L and Waczynski, Aug.yn and Arora, Rajan and Foltz, Roger D and Cressler, John D and Kahle, Duncan M and Chen, Dakai and Delo, Gregory S and Dodds, Nathaniel A and Pellish, Jonathan A and Kan, Emily and Boehm, Nicholas and Reed, Robert A and LaBel, Kenneth A},
	Journal = {IEEE Trans. Nucl. Sci.},
	Month = jan,
	Number = {6},
	Pages = {3078--3086},
	Title = {{Mechanisms and Temperature Dependence of Single Event Latchup Observed in a CMOS Readout Integrated Circuit From 16--300 K}},
	Volume = {57},
	Year = {2010}}

@article{King:2010cu,
	Author = {King, Michael P and Reed, Robert A and Weller, Robert A and Mendenhall, Marcus H and Schrimpf, Ronald D. and Alles, Michael L and Auden, Elizabeth C and Armstrong, Sarah E and Asai, Makoto},
	Journal = {IEEE Trans. Nucl. Sci.},
	Month = jan,
	Number = {6},
	Pages = {3169--3175},
	Title = {{The impact of delta-rays on single-event upsets in highly scaled SOI SRAMs}},
	Volume = {57},
	Year = {2010}}

@article{Bagatin:2010et,
	Author = {Bagatin, Marta and Gerardin, Simone and Paccagnella, Alessandro and Faccio, Federico},
	Journal = {IEEE Trans. Nucl. Sci.},
	Number = {6},
	Pages = {3245--3250},
	Title = {{Impact of NBTI Aging on the Single-Event Upset of SRAM Cells}},
	Volume = {57},
	Year = {2010}}

@article{DasGupta:2010et,
	Author = {DasGupta, Sandeepan and McMorrow, Dale and Reed, Robert A and Schrimpf, Ronald D. and Boos, J Brad and Ramachandran, Vishwa},
	Journal = {IEEE Trans. Nucl. Sci.},
	Number = {6},
	Pages = {3262--3266},
	Title = {{Process and Contamination Effects on the Single-Event Response of AlSb/InAs HEMTs}},
	Volume = {57},
	Year = {2010}}

@article{Javey:2003vt,
	Author = {Javey, A and Guo, J and Wang, Q and Lundstrom, M and Dai, H},
	Journal = {Nature},
	Title = {{Ballistic carbon nanotube field-effect transistors}},
	Year = {2003}}

@article{Shulaker:2013kg,
	Author = {Shulaker, Max M and Hills, Gage and Patil, Nishant and Wei, Hai and Chen, Hong-Yu and Wong, H S Philip and Mitra, Subhasish},
	Journal = {Nature},
	Month = sep,
	Number = {7468},
	Pages = {526--530},
	Title = {{Carbon nanotube computer}},
	Volume = {501},
	Year = {2013}}

@article{Dodds:2010et,
	Author = {Dodds, Nathaniel A and Hutson, John M and Pellish, Jonathan A and Reed, Robert A and Kim, H S and Berg, Melanie D and Friendlich, M R and Phan, A M and Seidleck, Christina M and Xapsos, Michael A and Deng, Xiaowei and Baumann, Robert C and Schrimpf, Ronald D. and King, Michael P and Massengill, Lloyd W and Weller, Robert A},
	Journal = {IEEE Trans. Nucl. Sci.},
	Number = {6},
	Pages = {3575--3581},
	Title = {{Selection of Well Contact Densities for Latchup-Immune Minimal-Area ICs}},
	Volume = {57},
	Year = {2010}}

@article{Barnaby:2006cp,
	Author = {Barnaby, H J},
	Journal = {IEEE Trans. Nucl. Sci.},
	Month = dec,
	Number = {6},
	Pages = {3103--3121},
	Title = {{Total-Ionizing-Dose Effects in Modern CMOS Technologies}},
	Volume = {53},
	Year = {2006}}

@article{Edmonds:2010eta,
	Author = {Edmonds, L D and Scheick, L},
	Journal = {IEEE Trans. Nucl. Sci.},
	Number = {6},
	Pages = {3560--3569},
	Title = {{Effect of Shielding on Single-Event Rates in Devices That Are Sensitive to Particle Range}},
	Volume = {57},
	Year = {2010}}

@article{Kanyogoro:2010et,
	Author = {Kanyogoro, N and Buchner, S and McMorrow, Dale and Hughes, H and Liu, M and Hurst, A and Carpasso, C},
	Journal = {IEEE Trans. Nucl. Sci.},
	Number = {6},
	Pages = {3414--3418},
	Title = {{A New Approach for Single-Event Effects Testing With Heavy Ion and Pulsed-Laser Irradiation: CMOS/SOI SRAM Substrate Removal}},
	Volume = {57},
	Year = {2010}}

@article{Loveless:2010et,
	Author = {Loveless, T and Alles, Michael L and Ball, Dennis R and Warren, Kevin M and Massengill, Lloyd W},
	Journal = {IEEE Trans. Nucl. Sci.},
	Number = {6},
	Pages = {3228--3233},
	Title = {{Parametric Variability Affecting 45 nm SOI SRAM Single Event Upset Cross-Sections}},
	Volume = {57},
	Year = {2010}}

@article{McMorrow:2010et,
	Author = {McMorrow, Dale and Warner, J and DasGupta, Sandeepan and Ramachandran, Vishwa and Boos, J Brad and Reed, Robert A and Schrimpf, Ronald D. and Paillet, Philippe and Ferlet-Cavrois, Veronique and Baggio, J and Buchner, S and El-Mamouni, F and Raine, M{\'e}lanie and Duhamel, O},
	Journal = {IEEE Trans. Nucl. Sci.},
	Number = {6},
	Pages = {3358--3365},
	Title = {{Novel Energy-Dependent Effects Revealed in GeV Heavy-Ion-Induced Transient Measurements of Antimony-Based III-V HEMTs}},
	Volume = {57},
	Year = {2010}}

@article{Pease:2010et,
	Author = {Pease, R and Adell, P and Rax, B and McClure, S and Barnaby, H and Kruckmeyer, K and Triggs, B},
	Journal = {IEEE Trans. Nucl. Sci.},
	Number = {6},
	Pages = {3419--3425},
	Title = {{Evaluation of an Accelerated ELDRS Test Using Molecular Hydrogen}},
	Volume = {57},
	Year = {2010}}

@article{Li:2010et,
	Author = {Li, Yanfeng and Rezzak, N and Zhang, E and Schrimpf, Ronald D. and Fleetwood, Daniel M and Wang, Jingqiu and Wang, Donglin and Wu, Yanjun and Cai, Shuang},
	Journal = {IEEE Trans. Nucl. Sci.},
	Number = {6},
	Pages = {3570--3574},
	Title = {{Including the Effects of Process-Related Variability on Radiation Response in Advanced Foundry Process Design Kits}},
	Volume = {57},
	Year = {2010}}

@article{Rezzak:2010et,
	Author = {Rezzak, N and Schrimpf, Ronald D. and Alles, Michael L and Zhang, E and Fleetwood, Daniel M and Li, Y},
	Journal = {IEEE Trans. Nucl. Sci.},
	Number = {6},
	Pages = {3288--3292},
	Title = {{Layout-Related Stress Effects on Radiation-Induced Leakage Current}},
	Volume = {57},
	Year = {2010}}

@article{Arora:2010et,
	Author = {Arora, Rajan and Simoen, E and En Xia},
	Journal = {IEEE Trans. Nucl. Sci.},
	Number = {4},
	Pages = {1933--1939},
	Title = {{Effects of Halo Doping and Si Capping Layer Thickness on Total-Dose Effects in Ge p-MOSFETs}},
	Volume = {57},
	Year = {2010}}

@article{Zhang:2010et,
	Author = {Zhang, E and Fleetwood, Daniel M and El-Mamouni, F and Alles, Michael L and Schrimpf, Ronald D. and Xiong, W and Hobbs, C and Akarvardar, K and Cristoloveanu, S},
	Journal = {IEEE Trans. Nucl. Sci.},
	Number = {6},
	Pages = {3298--3304},
	Title = {{Total Ionizing Dose Effects on FinFET-Based Capacitor-Less 1T-DRAMs}},
	Volume = {57},
	Year = {2010}}

@article{King:2010jg,
	Author = {King, M P and Gong, D and Liu, C and Liu, T and Xiang, A C and Ye, J and Schrimpf, R D and Reed, R A and Alles, M L and Fleetwood, D M},
	Journal = {Journal of Instrumentation},
	Month = nov,
	Number = {11},
	Pages = {C11021--C11021},
	Title = {{Response of a 0.25 μm thin-film silicon-on-sapphire CMOS technology to total ionizing dose}},
	Volume = {5},
	Year = {2010}}

@article{DasGupta:2010eta,
	Author = {DasGupta, Sandeepan and McMorrow, Dale and Reed, Robert A and Schrimpf, Ronald D. and Boos, J Brad},
	Journal = {IEEE Trans. Nucl. Sci.},
	Number = {4},
	Pages = {1856--1860},
	Title = {{Gate Bias Dependence of Single Event Charge Collection in AlSb/InAs HEMTs}},
	Volume = {57},
	Year = {2010}}

@article{Dasgupta:2010mg,
	Author = {Dasgupta, Aritra and Fleetwood, Daniel M and Reed, Robert A and Weller, Robert A and Mendenhall, Marcus H and Sierawski, Brian D},
	Date-Modified = {2013-10-11 00:37:09 +0000},
	Journal = {IEEE Trans. Nucl. Sci.},
	Month = {Dec.},
	Number = {6},
	Pages = {3463--3469},
	Title = {{Dose Enhancement and Reduction in SiO {\$}{\_}{2}{\$} and High- {\$}kappa{\$} MOS Insulators}},
	Volume = {57},
	Year = {2010}}

@article{Nord:2003uu,
	Author = {Nord, J and Nordlund, K},
	Journal = {Physical Review B},
	Month = jan,
	Title = {{Molecular dynamics study of damage accumulation in GaN during ion beam irradiation}},
	Year = {2003}}

@article{Beck:2006wi,
	Author = {Beck, M and Tsetseris, L and Caussanel, M and Schrimpf, Ronald D. and Fleetwood, Daniel M and Pantelides, ST},
	Journal = {IEEE Trans. Nucl. Sci.},
	Number = {6},
	Pages = {3621--3628},
	Title = {{Atomic-scale mechanisms for low-NIEL dopant-type dependent damage in Si}},
	Volume = {53},
	Year = {2006}}

@article{Mendenhall:1991uy,
	Author = {Mendenhall, Marcus H and Weller, Robert A},
	Journal = {Nuclear Instruments and Methods in Physics Research Section B: Beam Interactions with Materials and Atoms},
	Number = {1},
	Pages = {11--17},
	Title = {{Algorithms for the rapid computation of classical cross sections for screened Coulomb collisions}},
	Volume = {58},
	Year = {1991}}

@article{Narasimham:2010us,
	Author = {Narasimham, Balaji and Wang, J.K. and Buer, M and Gorti, R. and Chandrasekharan, K. and Warren, Kevin M and Sierawski, Brian D and Schrimpf, Ronald D. and Reed, Robert A and Weller, Robert A},
	Journal = {IEEE Trans. Nucl. Sci.},
	Number = {6},
	Pages = {3176--3182},
	Title = {{Contribution of Control Logic Upsets and Multi-Node Charge Collection to Flip-Flop SEU Cross-Section in 40-nm CMOS}},
	Volume = {57},
	Year = {2010}}

@article{Bagatin:2010ui,
	Author = {Bagatin, Marta and Gerardin, Simone and Paccagnella, Alessandro and Cellere, G. and Visconti, A. and Bonanomi, M.},
	Journal = {IEEE Trans. Nucl. Sci.},
	Number = {6},
	Pages = {3407--3413},
	Title = {{Increase in the heavy-ion upset cross section of floating gate cells previously exposed to TID}},
	Volume = {57},
	Year = {2010}}

@article{Bagatin:2008kz,
	Author = {Bagatin, Marta},
	Journal = {IEEE Trans. Nucl. Sci.},
	Number = {6},
	Pages = {3302--3308},
	Title = {{Key Contributions to the Cross Section of NAND Flash Memories Irradiated With Heavy Ions}},
	Volume = {55},
	Year = {2008}}

@article{Bagatin:2009bj,
	Author = {Bagatin, Marta},
	Journal = {IEEE Trans. Nucl. Sci.},
	Number = {6},
	Pages = {3267--3273},
	Title = {{Error Instability in Floating Gate Flash Memories Exposed to TID}},
	Volume = {56},
	Year = {2009}}

@article{Park:uc,
	Author = {Park, H and Qi, J and Xu, Y and Varga, K and Weiss, S.M. and Rogers, B.R. and L{\"u}pke, G. and Tolk, N},
	Journal = {physica status solidi (b)},
	Number = {8},
	Pages = {1997--2001},
	Title = {{Boron induced charge traps near the interface of Si/SiO2 probed by second harmonic generation}},
	Volume = {247},
	Year = {2010}}

@article{Jun:2004to,
	Author = {Jun, B and White, YV and Schrimpf, Ronald D. and Fleetwood, Daniel M and Brunier, F. and Bresson, N. and Cristoloveanu, S and Tolk, NH},
	Journal = {Appl. Phys. Lett.},
	Pages = {3095},
	Title = {{Characterization of multiple Si∕ SiO interfaces in silicon-on-insulator materials via second-harmonic generation}},
	Volume = {85},
	Year = {2004}}

@article{Fomenko:2005td,
	Author = {Fomenko, V and Gusev, EP and Borguet, E.},
	Journal = {J. Appl. Phys.},
	Pages = {083711},
	Title = {{Optical second harmonic generation studies of ultrathin high-k dielectric stacks}},
	Volume = {97},
	Year = {2005}}

@article{Carriles:2006wf,
	Author = {Carriles, R and Kwon, J and An, Y. Q and Miller, J. C and Downer, M. C and Price, J and Diebold, A. C},
	Journal = {Appl. Phys. Lett.},
	Number = {16},
	Pages = {161120--161120},
	Title = {{Second-harmonic generation from Si/SiO2/Hf(1-x)SixO2 structures}},
	Volume = {88},
	Year = {2006}}

@article{White:2009td,
	Author = {White, YV and Lu, X and Pasternak, R and Tolk, NH and Chatterjee, A. and Schrimpf, Ronald D. and Fleetwood, Daniel M and Ueda, A. and Mu, R.},
	Journal = {Appl. Phys. Lett.},
	Pages = {062102},
	Title = {{Studies of charge carrier trapping and recombination processes in Si∕ SiO∕ MgO structures using second-harmonic generation}},
	Volume = {88},
	Year = {2006}}

@article{Lettieri:2007ug,
	Author = {Lettieri, S and Merola, F and Maddalena, P and Ricciardi, C and Giorgis, F.},
	Journal = {Appl. Phys. Lett.},
	Number = {2},
	Pages = {021919--021919--3},
	Title = {{Second harmonic generation analysis in hydrogenated amorphous silicon nitride thin films}},
	Volume = {90},
	Year = {2007}}

@article{Alles:2007vo,
	Author = {Alles, Michael L and Pasternak, R and Lu, X and Tolk, N},
	Journal = {Semiconductor {\ldots}},
	Month = jan,
	Title = {{Second Harmonic Generation for Noninvasive Metrology of Silicon-on-Insulator Wafers}},
	Year = {2007}}

@article{Scheidt:2008tq,
	Author = {Scheidt, T and Rohwer, EG and Neethling, P and Von Bergmann, HM and Stafast, H.},
	Journal = {J. Appl. Phys.},
	Number = {8},
	Pages = {083712--083712--8},
	Title = {{Ionization and shielding of interface states in native p+-Si/SiO2 probed by electric field induced second harmonic generation}},
	Volume = {104},
	Year = {2008}}

@article{Gielis:2008tk,
	Author = {Gielis, J and Hoex, B and van de Sanden, M},
	Journal = {J. Appl. Phys.},
	Month = jan,
	Title = {{Negative charge and charging dynamics in AlO films on Si characterized by second-harmonic generation}},
	Year = {2008}}

@article{Park:2009uo,
	Author = {Park, H and Qi, J and Xu, Y and Varga, K and Weiss, SM and Rogers, BR and L{\"u}pke, G. and Tolk, N},
	Journal = {Appl. Phys. Lett.},
	Pages = {062102},
	Title = {{Characterization of boron charge traps at the interface of Si/SiO using second harmonic generation}},
	Volume = {95},
	Year = {2009}}

@article{Lei:2010te,
	Author = {Lei, M and Price, J and Downer, MC},
	Journal = {Appl. Phys. Lett.},
	Number = {24},
	Pages = {241105--241105--3},
	Title = {{Hot carrier injection from nanometer-thick silicon-on-insulator films measured by optical second-harmonic generation}},
	Volume = {96},
	Year = {2010}}

@article{Park:2010ub,
	Author = {Park, H and Xu, Y and Varga, K and Qi, J and Feldman, L.C. and L{\"u}pke, G. and Tolk, N},
	Journal = {Appl. Phys. Lett.},
	Number = {20},
	Pages = {202105},
	Title = {{Photon energy threshold for filling boron induced charge traps in SiO2 near the Si/SiO2 interface using second harmonic generation}},
	Volume = {97},
	Year = {2010}}

@article{Marka:2003wm,
	Author = {Marka, Z and Pasternak, R and Rashkeev, S and Jiang, Y},
	Journal = {Physical Review B},
	Month = jan,
	Title = {{Band offsets measured by internal photoemission-induced second-harmonic generation}},
	Year = {2003}}

@article{Schwank:2009vk,
	Author = {Schwank, Jim R and Shaneyfelt, Marty R and Dasgupta, Aritra and Francis, S A and Zhou, X.J. and Fleetwood, Daniel M and Schrimpf, Ronald D. and Pantelides, S.T. and Felix, J A and Dodd, Paul E},
	Journal = {IEEE Trans. Nucl. Sci.},
	Number = {6},
	Pages = {3206--3215},
	Title = {{Effects of moisture and hydrogen exposure on radiation-induced MOS device degradation and its implications for long-term aging}},
	Volume = {55},
	Year = {2008}}

@article{Rodgers:2006vg,
	Author = {Rodgers, MP and Fleetwood, Daniel M and Schrimpf, Ronald D. and Batyrev, IG and Wang, S and Pantelides, ST},
	Journal = {IEEE Trans. Nucl. Sci.},
	Number = {6},
	Pages = {2642--2648},
	Title = {{The effects of aging on MOS irradiation and annealing response}},
	Volume = {52},
	Year = {2005}}

@article{Batyrev:2006wa,
	Author = {Batyrev, IG and Rodgers, MP and Fleetwood, Daniel M and Schrimpf, Ronald D. and Pantelides, ST},
	Journal = {IEEE Trans. Nucl. Sci.},
	Number = {6},
	Pages = {3629--3635},
	Title = {{Effects of water on the aging and radiation response of MOS devices}},
	Volume = {53},
	Year = {2006}}

@article{Scofield:1989wn,
	Author = {Scofield, J.H. and Doerr, TP and Fleetwood, Daniel M},
	Journal = {IEEE Trans. Nucl. Sci.},
	Number = {6},
	Pages = {1946--1953},
	Title = {{Correlation between preirradiation 1/f noise and postirradiation oxide-trapped charge in MOS transistors}},
	Volume = {36},
	Year = {1989}}

@article{Brugler:2005vg,
	Author = {Brugler, J},
	Month = jan,
	Title = {{Charge pumping in MOS devices}},
	Year = {2005}}

@article{Groeseneken:1984iv,
	Author = {Groeseneken, G and Maes, H E and Beltran, N and de Keersmaecker, R F},
	Journal = {IEEE Trans. Elec. Dev.},
	Month = jan,
	Number = {1},
	Pages = {42-- 53},
	Title = {{A reliable approach to charge-pumping measurements in MOS transistors}},
	Volume = {31},
	Year = {1984}}

@article{Francis:2010wu,
	Author = {Francis, S A and Dasgupta, Aritra},
	Journal = {IEEE Trans. Elec. Dev.},
	Month = jan,
	Title = {{Effects of Total Dose Irradiation on the Gate-Voltage Dependence of the 1/f Noise of nMOS and pMOS Transistors}},
	Year = {2010}}

@article{Djahli:1998uk,
	Author = {Djahli, F},
	Journal = {Microelectronics Journal},
	Month = jan,
	Title = {{A macro model in SMART SPICE to study MOSFET degradations with the CP technique}},
	Year = {1998}}

@article{Saks:2002tj,
	Author = {Saks, N},
	Journal = {IEEE Elec. Dev. Lett.},
	Month = jan,
	Title = {{Determination of interface trap capture cross sections using three-level charge pumping}},
	Year = {2002}}

@article{Scofield:2002tt,
	Author = {Scofield, J and Borland, N},
	Journal = {IEEE Trans. Elec. Dev.},
	Month = jan,
	Title = {{Reconciliation of different gate-voltage dependencies of 1/f noise in n-MOS and p-MOS transistors}},
	Year = {2002}}

@article{Fleetwood:2002wa,
	Author = {Fleetwood, Daniel M and Meisenheimer, T},
	Journal = {IEEE Trans. Elec. Dev.},
	Month = jan,
	Title = {{1/f noise and radiation effects in MOS devices}},
	Year = {2002}}

@article{Zhou:2008uw,
	Author = {Zhou, X.J. and Fleetwood, Daniel M and Schrimpf, Ronald D. and Faccio, Federico and Gonella, L},
	Journal = {IEEE Trans. Nucl. Sci.},
	Number = {6},
	Pages = {2975--2980},
	Title = {{Radiation Effects on the Noise of Field-Oxide Field Effect Transistors}},
	Volume = {55},
	Year = {2008}}

@article{McWhorter:2009ua,
	Author = {McWhorter, P.J. and Winokur, PS},
	Journal = {Appl. Phys. Lett.},
	Number = {2},
	Pages = {133--135},
	Title = {{Simple technique for separating the effects of interface traps and trapped‐oxide charge in metal‐oxide‐semiconductor transistors}},
	Volume = {48},
	Year = {1986}}

@article{Scofield:2002uc,
	Author = {Scofield, J.H. and Fleetwood, Daniel M},
	Journal = {IEEE Trans. Nucl. Sci.},
	Number = {6},
	Pages = {1567--1577},
	Title = {{Physical basis for nondestructive tests of MOS radiation hardness}},
	Volume = {38},
	Year = {1991}}

@article{HowardJr:2002vg,
	Author = {Howard, J W and Block, R C and Dussault, H and Stapor, W.J and McDonald, P and Knudson, A.R and Pinto, M R},
	Journal = {IEEE Trans. Nucl. Sci.},
	Month = jan,
	Number = {6},
	Pages = {2077--2084},
	Title = {{A novel approach for measuring the radial distribution of charge in a heavy-ion track}},
	Volume = {41},
	Year = {2002}}

@article{Seifert:2006ta,
	Author = {Seifert, N and Slankard, P and Kirsch, M},
	Month = jan,
	Title = {{Radiation-induced soft error rates of advanced CMOS bulk devices}},
	Year = {2006}}

@article{Turk:1991vz,
	Author = {Turk, M},
	Journal = {Journal of cognitive neuroscience},
	Month = jan,
	Title = {{Eigenfaces for recognition}},
	Year = {1991}}

@article{Conwell:1950vj,
	Author = {Conwell, E},
	Journal = {Physical Review},
	Month = jan,
	Title = {{Theory of impurity scattering in semiconductors}},
	Year = {1950}}

@article{Shockley:1952wl,
	Author = {Shockley, W},
	Journal = {Physical Review},
	Month = jan,
	Title = {{Statistics of the recombinations of holes and electrons}},
	Year = {1952}}

@article{Fleetwood:1996ds,
	Author = {Fleetwood, D M},
	Journal = {IEEE Trans. Nucl. Sci.},
	Number = {3},
	Pages = {779--786},
	Title = {{Fast and slow border traps in MOS devices}},
	Volume = {43},
	Year = {1996}}

@article{Jacoboni:1977wq,
	Author = {Jacoboni, C and Canali, C and Ottaviani, G and Alberigi Quaranta, A},
	Journal = {Solid State Electronics},
	Month = feb,
	Number = {2},
	Pages = {77--89},
	Title = {{A review of some charge transport properties of silicon}},
	Volume = {20},
	Year = {1977}}

@inproceedings{Kumar:eu,
	Author = {Kumar, R and Tullsen, D M and Ranganathan, P and Jouppi, N P and Farkas, K I},
	Booktitle = {Proceedings. 31st Annual International Symposium on Computer Architecture, 2004.},
	Pages = {64--75},
	Publisher = {IEEE},
	Title = {{Proceedings. 31st Annual International Symposium on Computer Architecture, 2004.}}}

@article{Fleetwood:1992cr,
	Author = {Fleetwood, D M},
	Journal = {IEEE Trans. Nucl. Sci.},
	Number = {2},
	Pages = {269--271},
	Title = {{`Border traps' in MOS devices}},
	Volume = {39},
	Year = {1992}}

@article{Dodd:1994fq,
	Author = {Dodd, Paul E and Sexton, Fred W and Winokur, Peter S},
	Journal = {IEEE Trans. Nucl. Sci.},
	Number = {6},
	Pages = {2005--2017},
	Title = {{Three-dimensional simulation of charge collection and multiple-bit upset in Si devices}},
	Volume = {41},
	Year = {1994}}

@article{Anonymous:2004un,
	Title = {{Switching oxide traps}},
	Year = {2004}}

@article{Oldham:2003kh,
	Author = {Oldham, T R and McLean, F B},
	Journal = {IEEE Trans. Nucl. Sci.},
	Month = jun,
	Number = {3},
	Pages = {483--499},
	Title = {{Total ionizing dose effects in MOS oxides and devices}},
	Volume = {50},
	Year = {2003}}

@article{Raine:2010cna,
	Author = {Raine, M{\'e}lanie and Gaillardin, Marc and Sauvestre, Jean-Etienne and Flament, Olivier and Bournel, Arnaud and Aubry-Fortuna, Val{\'e}rie},
	Date-Modified = {2013-10-11 01:08:17 +0000},
	Journal = {IEEE Trans. Nucl. Sci.},
	Month = {Aug.},
	Number = {4},
	Pages = {1892--1899},
	Title = {{Effect of the ion mass and energy on the response of 70-nm SOI transistors to the ion deposited charge by direct ionization}},
	Volume = {57},
	Year = {2010}}

@article{Raine:gk,
	Author = {Raine, M{\'e}lanie and Hubert, G and Gaillardin, Marc and Artola, L and Paillet, Philippe and Girard, S and Sauvestre, J.-E and Bournel, Arnaud},
	Date-Modified = {2013-10-11 01:08:53 +0000},
	Journal = {IEEE Trans. Nucl. Sci.},
	Month = {June},
	Number = {3},
	Pages = {840--847},
	Title = {{Impact of the radial ionization profile on SEE prediction for SOI transistors and SRAMs beyond the 32-nm technological node}},
	Volume = {58},
	Year = {2011}}

@article{Murat:kk,
	Author = {Murat, M and Akkerman, A and Barak, J},
	Journal = {IEEE Trans. Nucl. Sci.},
	Number = {6},
	Pages = {3046--3054},
	Title = {{Electron and ion tracks in silicon: Spatial and temporal evolution}},
	Volume = {55},
	Year = {2008}}

@article{Powell:1974uo,
	Author = {Powell, CJ},
	Journal = {Surface Science},
	Title = {{Attenuation lengths of low-energy electrons in solids}},
	Year = {1974}}

@article{Sierawski:2010cj,
	Author = {Sierawski, Brian D and Mendenhall, Marcus H and Reed, Robert A and Clemens, Michael A and Weller, Robert A and Schrimpf, Ronald D. and Blackmore, Ewart W and Trinczek, Michael and Hitti, B and Pellish, Jonathan A and Baumann, Robert C and Wen, Shi-Jie and Wong, R and Tam, N},
	Date-Modified = {2013-10-11 01:06:38 +0000},
	Journal = {IEEE Trans. Nucl. Sci.},
	Month = {Dec.},
	Number = {6},
	Pages = {3273--3278},
	Title = {{Muon-induced single event upsets in deep-submicron technology}},
	Volume = {57},
	Year = {2010}}

@article{Auden:te,
	Author = {Auden, Elizabeth C and Weller, Robert A and Mendenhall, Marcus H and Reed, Robert A and Schrimpf, Ronald D. and King, Michael P and Dodds, Nathaniel A and Arpin, L.A. and Asai, Makoto},
	Journal = {IEEE Trans. Nucl. Sci.},
	Number = {3},
	Pages = {899--905},
	Title = {{High Energy Electron-Induced Transients In a Shielded Focal Plane Array}},
	Volume = {58},
	Year = {2011}}

@article{Warren:2007ca,
	Author = {Warren, Kevin M and Weller, Robert A and Sierawski, Brian D and Reed, Robert A and Mendenhall, Marcus H and Schrimpf, Ronald D. and Massengill, Lloyd W and Porter, Mark E and Wilkinson, Jeffrey D and LaBel, Kenneth A and Adams, James H},
	Journal = {IEEE Trans. Nucl. Sci.},
	Number = {4},
	Pages = {898--903},
	Title = {{Application of RADSAFE to Model the Single Event Upset Response of a 0.25 μm CMOS SRAM}},
	Volume = {54},
	Year = {2007}}

@article{Reed:2006cx,
	Author = {Reed, Robert A and Weller, Robert A and Schrimpf, Ronald D. and Mendenhall, Marcus H and Warren, Kevin M and Massengill, Lloyd W},
	Journal = {IEEE Trans. Nucl. Sci.},
	Number = {6},
	Pages = {3356--3362},
	Title = {{Implications of Nuclear Reactions for Single Event Effects Test Methods and Analysis}},
	Volume = {53},
	Year = {2006}}

@article{Chavez:1997cp,
	Author = {Chavez, J R and Karna, S P and Vanheusden, K and Brothers, C P and Pugh, R D and Singaraju, B K and Warren, W L and Devine, R A B},
	Journal = {IEEE Trans. Nucl. Sci.},
	Month = dec,
	Number = {6},
	Pages = {1799--1803},
	Title = {{Microscopic structure of the E'{\$}{\_}{{\&}delta;}{\$} center in amorphous SiO{\$}{\_}{2}{\$}: A first principles quantum mechanical investigation}},
	Volume = {44},
	Year = {1997}}

@article{Sabou:2009fu,
	Author = {Sabou, F C and Kazazis, D and Bahar, R I and Mundy, J and Patterson, W R and Zaslavsky, Alexander},
	Journal = {IEEE Trans. Device Mater. Reliab.},
	Number = {3},
	Pages = {494--504},
	Title = {{Markov Chain Analysis of Thermally Induced Soft Errors in Subthreshold Nanoscale CMOS Circuits}},
	Volume = {9},
	Year = {2009}}

@inproceedings{Jannaty:2010iu,
	Address = {New York, New York, USA},
	Author = {Jannaty, Pooya and Sabou, Florian C and Bahar, R I and Mundy, Joseph and Patterson, William R and Zaslavsky, Alexander},
	Booktitle = {GLSVLSI '10},
	Pages = {281},
	Publisher = {ACM Press},
	Title = {{Proceedings of the 20th symposium on Great lakes symposium on VLSI - GLSVLSI '10}},
	Year = {2010}}

@article{Jannaty:2011ho,
	Author = {Jannaty, Pooya and Sabou, F C and Bahar, R I and Mundy, J and Patterson, W R and Zaslavsky, Alexander},
	Journal = {IEEE Trans. Device Mater. Reliab.},
	Number = {1},
	Pages = {50--59},
	Title = {{Full Two-Dimensional Markov Chain Analysis of Thermal Soft Errors in Subthreshold Nanoscale CMOS Devices}},
	Volume = {11},
	Year = {2011}}

@article{Hjalmarson:2003dh,
	Author = {Hjalmarson, H.P and Pease, R.L and Witczak, S.C and Shaneyfelt, Marty R and Schwank, Jim R and Edwards, A.H and Hembree, C.E and Mattsson, T.R},
	Journal = {IEEE Trans. Nucl. Sci.},
	Number = {6},
	Pages = {1901--1909},
	Title = {{Mechanisms for radiation dose-rate sensitivity of bipolar transistors}},
	Volume = {50},
	Year = {2003}}

@article{Pease:2009dq,
	Author = {Pease, R.L and Schrimpf, Ronald D. and Fleetwood, Daniel M},
	Journal = {IEEE Trans. Nucl. Sci.},
	Number = {4},
	Pages = {1894--1908},
	Title = {{ELDRS in Bipolar Linear Circuits: A Review}},
	Volume = {56},
	Year = {2009}}

@article{Enlow:1991fq,
	Author = {Enlow, E.W and Pease, R.L and Combs, W and Schrimpf, Ronald D. and Nowlin, R.N},
	Journal = {IEEE Trans. Nucl. Sci.},
	Number = {6},
	Pages = {1342--1351},
	Title = {{Response of advanced bipolar processes to ionizing radiation}},
	Volume = {38},
	Year = {1991}}

@article{Fleetwood:2002cf,
	Author = {Fleetwood, D M and Xiong, H D and Lu, Z Y and Nicklaw, C J and Felix, James A and Schrimpf, R D and Pantelides, S T},
	Journal = {IEEE Trans. Nucl. Sci.},
	Month = dec,
	Number = {6},
	Pages = {2674--2683},
	Title = {{Unified model of hole trapping, 1/f noise, and thermally stimulated current in MOS devices}},
	Volume = {49},
	Year = {2002}}

@article{Karna:2000id,
	Author = {Karna, S P and Pineda, A C and Pugh, R D and Shedd, W M and Oldham, T R},
	Journal = {IEEE Trans. Nucl. Sci.},
	Month = dec,
	Number = {6},
	Pages = {2316--2321},
	Title = {{Electronic structure theory and mechanisms of the oxide trapped hole annealing process}},
	Volume = {47},
	Year = {2000}}

@article{Nicklaw:2002hc,
	Author = {Nicklaw, C J and Lu, Z Y and Fleetwood, D M and Schrimpf, R D and Pantelides, S T},
	Journal = {IEEE Trans. Nucl. Sci.},
	Month = dec,
	Number = {6},
	Pages = {2667--2673},
	Title = {{The structure, properties, and dynamics of oxygen vacancies in amorphous SiO{\$}{\_}{2}{\$}}},
	Volume = {49},
	Year = {2002}}

@article{Pantelides:2000ig,
	Author = {Pantelides, S T and Rashkeev, S N and Buczko, R and Fleetwood, D M and Schrimpf, R D},
	Journal = {IEEE Trans. Nucl. Sci.},
	Month = dec,
	Number = {6},
	Pages = {2262--2268},
	Title = {{Reactions of hydrogen with Si-SiO{\$}{\_}{2}{\$} interfaces}},
	Volume = {47},
	Year = {2000}}

@article{Schroder:2003ks,
	Author = {Schroder, D K and Babcock, J A},
	Journal = {J. Appl. Phys.},
	Month = jul,
	Number = {1},
	Pages = {1--18},
	Title = {{Negative bias temperature instability: Road to cross in deep submicron silicon semiconductor manufacturing}},
	Volume = {94},
	Year = {2003}}

@article{Rudra:1987id,
	Author = {Rudra, Jayanta and Fowler, W},
	Journal = {Physical Review B},
	Month = may,
	Number = {15},
	Pages = {8223--8230},
	Title = {{Oxygen vacancy and the E{\_}{1}^{'} center in crystalline SiO{\_}{2}}},
	Volume = {35},
	Year = {1987}}

@article{Zafar:2006ct,
	Author = {Zafar, S and Kim, Y H and Narayanan, V and Cabral, C and Paruchuri, V and Doris, B and Stathis, J and Callegari, A and Chudzik, M},
	Journal = {VLSI Technology, 2006. Digest of Technical Papers. 2006 Symposium on},
	Pages = {23--25},
	Title = {{A Comparative Study of NBTI and PBTI (Charge Trapping) in SiO2/HfO2 Stacks with FUSI, TiN, Re Gates}},
	Year = {2006}}

@article{Zafar:2005jm,
	Author = {Zafar, S and Yang, M and Gusev, E and Callegari, A and Stathis, J and Ning, T and Jammy, R and Ieong, M},
	Journal = {VLSI Technology, 2005. (VLSI-TSA-Tech). 2005 IEEE VLSI-TSA International Symposium on},
	Pages = {128--129},
	Title = {{A comparative study of NBTI as a function of Si substrate orientation and gate dielectrics (SiON and SiON/HfO2)}},
	Year = {2005}}

@inproceedings{Amrouch:2013ia,
	Author = {Amrouch, H and Ebi, T and Henkel, J},
	Booktitle = {Dependable Systems and Networks (DSN), 2013 43rd Annual IEEE/IFIP International Conference on},
	Pages = {1--10},
	Publisher = {IEEE},
	Title = {{Stress balancing to mitigate NBTI effects in register files}},
	Year = {2013}}

@inproceedings{Drapatz:2010is,
	Author = {Drapatz, S and Hofmann, K and Georgakos, G and Schmitt-Landsiedel, D},
	Booktitle = {Solid-State Device Research Conference (ESSDERC), 2010 Proceedings of the European},
	Pages = {146--149},
	Publisher = {IEEE},
	Title = {{Impact of fast-recovering NBTI degradation on stability of large-scale SRAM arrays}},
	Year = {2010}}

@article{Siddiqua:2011gj,
	Author = {Siddiqua, T and Gurumurthi, S and Stan, M R},
	Journal = {Quality Electronic Design (ISQED), 2011 12th International Symposium on},
	Pages = {1--8},
	Title = {{Modeling and analyzing NBTI in the presence of Process Variation}},
	Year = {2011}}

@article{Islam:2009ga,
	Author = {Islam, A E and Mahapatra, S and Deora, S and Maheta, V D and Alam, M A},
	Journal = {Electron Devices Meeting (IEDM), 2009 IEEE International},
	Pages = {1--4},
	Title = {{On the differences between ultra-fast NBTI measurements and Reaction-Diffusion theory}},
	Year = {2009}}

@inproceedings{Mishra:2007jw,
	Author = {Mishra, R and Mitra, S and Gauthier, R and Ioannou, D E and Kontos, D and Chatty, K and Seguin, C and Halbach, R},
	Booktitle = {Reliability physics symposium, 2007. proceedings. 45th annual. ieee international},
	Pages = {17--22},
	Publisher = {IEEE},
	Title = {{On The Interaction of ESD, NBTI and HCI in 65nm Technology}},
	Year = {2007}}

@inproceedings{Huang:2012jn,
	Author = {Huang, Si-Wen and He, Wei and Zhao, Xiao-Jin and Cao, Jian-Min},
	Booktitle = {Solid-State and Integrated Circuit Technology (ICSICT), 2012 IEEE 11th International Conference on},
	Pages = {1--3},
	Publisher = {IEEE},
	Title = {{Numerical simulation of DB-NBTI degradation caused by a sheet of interface charge}},
	Year = {2012}}

@article{Kunitake:2012cp,
	Author = {Kunitake, Y and Sato, T and Yasuura, H and Hayashida, T},
	Journal = {Communications and Information Technologies (ISCIT), 2012 International Symposium on},
	Pages = {822--827},
	Title = {{Guidelines for mitigating NBTI degradation in on-chip memories}},
	Year = {2012}}

@article{Lenahan:2010hz,
	Author = {Lenahan, P M},
	Journal = {Reliability Physics Symposium (IRPS), 2010 IEEE International},
	Pages = {1086--1090},
	Title = {{A model for NBTI in nitrided oxide MOSFETs without hydrogen or diffusion}},
	Year = {2010}}

@article{Mahapatra:2004cc,
	Author = {Mahapatra, S and Bharath Kumar, P and Dalei, T R and Sana, D and Alam, M A},
	Journal = {Electron Devices Meeting, 2004. IEDM Technical Digest. IEEE International},
	Pages = {105--108},
	Title = {{Mechanism of negative bias temperature instability in CMOS devices: degradation, recovery and impact of nitrogen}},
	Year = {2004}}

@inproceedings{Lee:2004en,
	Author = {Lee, Jae-Sung and Lyding, J W and Hess, K},
	Booktitle = {Reliability Physics Symposium Proceedings, 2004. 42nd Annual. 2004 IEEE International},
	Pages = {685--686},
	Publisher = {IEEE},
	Title = {{Hydrogen-related extrinsic oxide trap generation in thin gate oxide film during negative-bias temperature instability stress}},
	Year = {2004}}

@article{Volkos:2006ga,
	Author = {Volkos, S N and Efthymiou, E S and Bernardini, S and Hawkins, I D and Peaker, A R and Petkos, G},
	Journal = {J. Appl. Phys.},
	Number = {12},
	Pages = {124103--124103},
	Title = {{The impact of negative-bias-temperature-instability on the carrier generation lifetime of metal-oxynitride-silicon capacitors}},
	Volume = {100},
	Year = {2006}}

@article{Grasser:2008jo,
	Author = {Grasser, T},
	Journal = {Integrated Reliability Workshop Final Report, 2008. IRW 2008. IEEE International},
	Pages = {145--145},
	Title = {{Towards Understanding Negative Bias Temperature Instability}},
	Year = {2008}}

@article{Ho:2013kk,
	Author = {Ho, Szu-Han and Chang, Ting-Chang and Wu, Chi-Wei and Lo, Wen-Hung and Chen, Ching-En and Tsai, Jyun-Yu and Liu, Guan-Ru and Chen, Hua-Mao and Lu, Ying-Shin and Wang, Bin-Wei and Tseng, Tseung-Yuen and Cheng, Osbert and Huang, Cheng-Tung and Sze, Simon M},
	Journal = {Appl. Phys. Lett.},
	Number = {1},
	Pages = {012103--012103},
	Title = {{Investigation of an anomalous hump in gate current after negative-bias temperature-instability in HfO2/metal gate p-channel metal-oxide-semiconductor field-effect transistors}},
	Volume = {102},
	Year = {2013}}

@article{Soon:2003iu,
	Author = {Soon, Jia Mei and Ping Loh, Kian and Tan, Shyue Seng and Chen, T P and Teo, W Y and Chan, L},
	Journal = {Appl. Phys. Lett.},
	Number = {15},
	Pages = {3063--3065},
	Title = {{Study of negative-bias temperature-instability-induced defects using first-principle approach}},
	Volume = {83},
	Year = {2003}}

@article{Kaczer:2005ds,
	Author = {Kaczer, B and Arkhipov, V and Degraeve, R and Collaert, N and Groeseneken, G and Goodwin, M},
	Journal = {Appl. Phys. Lett.},
	Number = {14},
	Pages = {143506--143506},
	Title = {{Temperature dependence of the negative bias temperature instability in the framework of dispersive transport}},
	Volume = {86},
	Year = {2005}}

@article{Park:2012ct,
	Author = {Park, Jong Tae and Young Kim, Jin and Pierre Colinge, Jean},
	Journal = {Appl. Phys. Lett.},
	Number = {8},
	Pages = {083504--083504},
	Title = {{Negative-bias-temperature-instability and hot carrier effects in nanowire junctionless p-channel multigate transistors}},
	Volume = {100},
	Year = {2012}}

@inproceedings{Lee:2006gg,
	Author = {Lee, Hyunjin and Lee, Choong-Ho and Park, Donggun and Choi, Yang-Kyu},
	Booktitle = {Reliability Physics Symposium Proceedings, 2006. 44th Annual., IEEE International},
	Pages = {725--726},
	Publisher = {IEEE},
	Title = {{Dynamic Negative Bias Temperature Instability and Comprehensive Modeling in PMOS Body-Tied FinFETs}},
	Year = {2006}}

@article{Schroder:2003wg,
	Author = {Schroder, D K and Babcock, J A},
	Journal = {J. Appl. Phys.},
	Title = {{Negative bias temperature instability: Road to cross in deep submicron silicon semiconductor manufacturing}},
	Year = {2003}}

@article{Alam:2005ts,
	Author = {Alam, M A and Mahapatra, S},
	Journal = {Microelectronics Reliability},
	Title = {{A comprehensive model of PMOS NBTI degradation}},
	Year = {2005}}

@article{Chakravarthi:2004ub,
	Author = {Chakravarthi, S and Krishnan, A and Reddy, V},
	Title = {{A comprehensive framework for predictive modeling of negative bias temperature instability}},
	Year = {2004}}

@article{Fleetwood:1987cfb,
	Author = {Fleetwood, D M and Dressendorfer, P V},
	Journal = {IEEE Trans. Nucl. Sci.},
	Month = dec,
	Number = {6},
	Pages = {1408--1413},
	Title = {{A Simple Method to Identify Radiation and Annealing Biases That Lead to Worst-Case CMOS Static Ram Postirradiation Response}},
	Volume = {34},
	Year = {1987}}

@article{Rosini:2002gn,
	Author = {Rosini, Marcello and Jacoboni, Carlo and Ossicini, Stefano},
	Journal = {Physical Review B},
	Month = oct,
	Number = {15},
	Title = {{Monte Carlo simulation of electron transport in Si/SiO2 superlattices: Vertical transport enhanced by a parallel field}},
	Volume = {66},
	Year = {2002}}

@article{Hamm:1979hw,
	Author = {Hamm, R. N and Turner, J. E and Wright, H. A and Ritchie, R. H},
	Journal = {IEEE Trans. Nucl. Sci.},
	Number = {6},
	Pages = {4892--4895},
	Title = {{Heavy-Ion Track Structure in Silicon}},
	Volume = {26},
	Year = {1979}}

@article{Amusan:2006uq,
	Author = {Amusan, O},
	Title = {{Analysis of single event vulnerabilities in a 130 nm CMOS technology}},
	Year = {2006}}

@article{Dasgupta:2011vv,
	Author = {Dasgupta, Aritra},
	Journal = {etd.library.vanderbilt.edu},
	Month = sep,
	Title = {{Radiation Response in MOS Devices with High-K Gate Oxides and Metal Gates }},
	Year = {2011}}

@article{Tung:2007tz,
	Author = {Tung, CJ and Chao, TC and Hsieh, HW},
	Journal = {{\ldots} Section B: Beam Interactions {\ldots}},
	Title = {{Low-energy electron interactions with liquid water and energy depositions in nanometric volumes}},
	Year = {2007}}

@article{Lynch:2005tb,
	Author = {Lynch, D J and Wilson, W E and Batdorf, M T and Resat, M B Sowa and Kimmel, G A and Miller, J H},
	Title = {{Monte Carlo Simulation of the Spatial Distribution of Energy Deposition for an Electron Microbeam}},
	Year = {2005}}

@article{Roldan:2004eq,
	Author = {Roldan, A and Perez, J. M and Williart, A and Blanco, F and Garcı a, G},
	Journal = {J. Appl. Phys.},
	Number = {10},
	Pages = {5865--5870},
	Title = {{Energy deposition model for low-energy electrons (10--10 000 eV) in air}},
	Volume = {95},
	Year = {2004}}

@article{Meier:1998ub,
	Author = {Meier, M M and Schott, J U and Strauch, K and Groeneveld, K.O.},
	Journal = {Nuclear Instruments and Methods in Physics Research Section B: Beam Interactions with Materials and Atoms},
	Number = {1},
	Pages = {601--606},
	Title = {{Detection of δ-electron events in charge coupled devices: a fingerprint of single swift heavy ions}},
	Volume = {146},
	Year = {1998}}

@article{Ballinger:1992wt,
	Author = {Ballinger, C.T. and Rathkopf, J.A. and Martin, W.R.},
	Journal = {Nuclear Science and Engineering; (United States)},
	Month = dec,
	Title = {{The response history Monte Carlo method for electron transport}},
	Volume = {112:4},
	Year = {1992}}

@article{Ballinger:1992tt,
	Annote = {This is possibly the best reference I have for stating that condensed history MC calculations of e-'s are bad at low energy -{\&}gt; the need for Penelope and other more expensive solutions.
Condensed history methods are bad regardless of geometry. They just flat out get the answers wrong at low energy.
Paper talks a bit about impact ionization being the dominant energy loss mechanism for keV range e-'s. Not sure what process this describes.
},
	Author = {Ballinger, CT and Cullen, DE and Perkins, ST},
	Journal = {Nuclear Instruments and {\ldots}},
	Title = {{Single-scatter Monte Carlo compared to condensed history results for low energy electrons}},
	Year = {1992}}

@article{Sierawski:2011bn,
	Author = {Sierawski, Brian D and Reed, Robert A and Mendenhall, Marcus H and Weller, Robert A and Schrimpf, Ronald D. and Wen, S and Wong, R and Tam, N and Baumann, Robert C},
	Date-Modified = {2013-10-11 01:11:06 +0000},
	Journal = {2011 IEEE International Reliability Physics Symposium},
	Month = {April},
	Pages = {3},
	Title = {{Effects of scaling on muon-induced soft errors}},
	Year = {2011}}

@article{Meier:1997td,
	Author = {Meier, M M and Schott, JU and Strauch, K},
	Journal = {Radiation Measurements},
	Number = {1-6},
	Pages = {499--504},
	Title = {{Detection of single swift heavy ions with a system based on charge coupled devices}},
	Volume = {28},
	Year = {1997}}

@article{Meier:1999ix,
	Author = {Meier, M M and Schott, J U and Strauch, K},
	Journal = {Radiation Measurements},
	Month = jun,
	Number = {1-6},
	Pages = {173--178},
	Title = {{Particle detection properties of charge coupled devices}},
	Volume = {31},
	Year = {1999}}

@article{Schott:1997to,
	Author = {Schott, JU and Meier, M M},
	Journal = {Radiation Measurements},
	Title = {{A detector telescope with charge coupled devices for particle dosimetry in space}},
	Year = {1997}}

@article{Butts:1967ub,
	Author = {Butts, J J and Katz, Robert},
	Title = {{Theory of RBE for Heavy Ion Bombardment of Dry Enzymes and Viruses}},
	Year = {1967}}

@article{Cucinotta:1995ww,
	Author = {Cucinotta, FA and Katz, R and Wilson, JW},
	Journal = {Robert Katz {\ldots}},
	Title = {{Heavy ion track-structure calculations for radial dose in arbitrary materials}},
	Year = {1995}}

@article{Kwei:1993ig,
	Author = {Kwei, C M and Chen, Y F and Tung, C J and Wang, J P},
	Journal = {Surface Science},
	Month = aug,
	Number = {3},
	Pages = {202--210},
	Title = {{Electron inelastic mean free paths for plasmon excitations and interband transitions}},
	Volume = {293},
	Year = {1993}}

@article{Tung:1980fi,
	Author = {Tung, C},
	Journal = {Physical Review A},
	Month = dec,
	Number = {6},
	Pages = {2550--2555},
	Title = {{Sum-rule-constrained classical binary-collision model for inner-shell ionizations}},
	Volume = {22},
	Year = {1980}}

@article{Chen:1994hh,
	Author = {Chen, Y and Su, P and Kwei, C and Tung, C},
	Journal = {Physical Review B},
	Month = dec,
	Number = {23},
	Pages = {17547--17555},
	Title = {{Influence of surface excitations on electrons elastically backscattered from copper and silver surfaces}},
	Volume = {50},
	Year = {1994}}

@article{Stapor:1988fh,
	Author = {Stapor, W.J and McDonald, P and Knudson, A.R and Campbell, A.B and Glagola, B.G},
	Journal = {IEEE Trans. Nucl. Sci.},
	Number = {6},
	Pages = {1585--1590},
	Title = {{Charge collection in silicon for ions of different energy but same linear energy transfer (LET)}},
	Volume = {35},
	Year = {1988}}

@article{Gaspard:2011ih,
	Author = {Gaspard, N.J and Witulski, A.F and Atkinson, N.M and Ahlbin, J.R and Holman, W.T and Bhuva, B and Loveless, T and Massengill, Lloyd W},
	Journal = {IEEE Trans. Nucl. Sci.},
	Number = {6},
	Pages = {2614--2620},
	Title = {{Impact of Well Structure on Single-Event Well Potential Modulation in Bulk CMOS}},
	Volume = {58},
	Year = {2011}}

@article{Ahlbin:2011hl,
	Author = {Ahlbin, J.R and Atkinson, N.M and Gadlage, M.J and Gaspard, N.J and Bhuva, B and Loveless, T and Zhang, Enxia X and Chen, L and Massengill, Lloyd W},
	Journal = {IEEE Trans. Nucl. Sci.},
	Number = {6},
	Pages = {2585--2590},
	Title = {{Influence of N-Well Contact Area on the Pulse Width of Single-Event Transients}},
	Volume = {58},
	Year = {2011}}

@article{Amusan:2009if,
	Author = {Amusan, O and Massengill, Lloyd W and Baze, M.P and Bhuva, B and Witulski, A.F and Black, J.D and Balasubramanian, A and Casey, M.C and Black, D.A and Ahlbin, J.R and Reed, Robert A and McCurdy, M.W},
	Journal = {IEEE Trans. Device Mater. Reliab.},
	Number = {2},
	Pages = {311--317},
	Title = {{Mitigation Techniques for Single-Event-Induced Charge Sharing in a 90-nm Bulk CMOS Process}},
	Volume = {9},
	Year = {2009}}

@article{Heijmen:2008dk,
	Author = {Heijmen, T},
	Journal = {On-Line Testing Symposium, 2008. IOLTS '08. 14th IEEE International},
	Pages = {247--252},
	Title = {{Soft-Error Vulnerability of Sub-100-nm Flip-Flops}},
	Year = {2008}}

@article{Heijmen:2007jf,
	Author = {Heijmen, T and Roche, P and Gasiot, G and Forbes, K.R and Giot, D},
	Journal = {IEEE Trans. Device Mater. Reliab.},
	Number = {1},
	Pages = {84--96},
	Title = {{A Comprehensive Study on the Soft-Error Rate of Flip-Flops From 90-nm Production Libraries}},
	Volume = {7},
	Year = {2007}}

@article{Knoll:2010vq,
	Author = {Knoll, G.F.},
	Title = {{Radiation detection and measurement}},
	Year = {2010}}

@inproceedings{Reed:ku,
	Author = {Reed, Robert A and Roth, D R and Ladbury, Raymond L and Kniffin, S and LaBel, Kenneth A},
	Booktitle = {RADECS-01},
	Pages = {18--23},
	Publisher = {IEEE},
	Title = {{RADECS 2001. 2001 6th European Conference on Radiation and Its Effects on Components and Systems (Cat. No.01TH8605)}}}

@article{Turowski:2012cu,
	Author = {Turowski, M and Raman, A and Alles, Michael L and Ball, Dennis R and King, Michael P and Reed, Robert A and Schrimpf, Ronald D.},
	Journal = {IEEE Trans. Nucl. Sci.},
	Number = {99},
	Pages = {1--1},
	Title = {{Effect of Carrier Transport in Oxides Surrounding Active Devices on SEU in 45 nm SOI SRAM}},
	Year = {2012}}

@article{Vogt:2012cf,
	Author = {Vogt, Patrick and De Padova, Paola and Quaresima, Claudio and Avila, Jose and Frantzeskakis, Emmanouil and Asensio, Maria and Resta, Andrea and Ealet, B{\'e}n{\'e}dicte and Le Lay, Guy},
	Journal = {Physical review letters},
	Month = apr,
	Number = {15},
	Title = {{Silicene: Compelling Experimental Evidence for Graphenelike Two-Dimensional Silicon}},
	Volume = {108},
	Year = {2012}}

@article{Javanainen:2009jo,
	Author = {Javanainen, Arto and Schwank, Jim R and Shaneyfelt, Marty R and Harboe-Sorensen, Reno and Virtanen, Ari and Kettunen, H and Dalton, Scott M and Dodd, Paul E and Jaksic, Aleksandar B},
	Journal = {IEEE Trans. Nucl. Sci.},
	Number = {6},
	Pages = {3367--3371},
	Title = {{Heavy-Ion Induced Charge Yield in MOSFETs}},
	Volume = {56},
	Year = {2009}}

@article{Vitale:2010kj,
	Author = {Vitale, S A and Wyatt, P W and Checka, N and Kedzierski, J and Keast, C L},
	Journal = {Proc. IEEE},
	Number = {2},
	Pages = {333--342},
	Title = {{FDSOI Process Technology for Subthreshold-Operation Ultralow-Power Electronics}},
	Volume = {98},
	Year = {2010}}

@article{Kulkarni:2007wz,
	Author = {Kulkarni, JP and Kim, K},
	Journal = {Solid-State Circuits},
	Title = {{A 160 mV robust schmitt trigger based subthreshold SRAM}},
	Year = {2007}}

@inproceedings{Kulkarni:2008ui,
	Author = {Kulkarni, J.P and Kim, K and Park, S.P and Roy, K},
	Booktitle = {Design Automation Conference, 2008. DAC 2008. 45th ACM/IEEE},
	Pages = {108--113},
	Title = {{Process variation tolerant SRAM array for ultra low voltage applications}},
	Year = {2008}}

@article{Roy:2006vn,
	Author = {Roy, K and Mahmoodi, H and Mukhopadhyay, S},
	Journal = {VLSI Design},
	Title = {{Double-gate SOI devices for low-power and high-performance applications}},
	Year = {2006}}

@article{Sasaki:2008ck,
	Author = {Sasaki, Yoichi and Namba, Kazuteru and Ito, Hideo},
	Journal = {J Electron Test},
	Month = jan,
	Number = {1-3},
	Pages = {11--19},
	Title = {{Circuit and Latch Capable of Masking Soft Errors with Schmitt Trigger}},
	Volume = {24},
	Year = {2008}}

@article{Lotze:2011wm,
	Author = {Lotze, N},
	Journal = {Solid-State Circuits Conference Digest of {\ldots}},
	Title = {{A 62mV 0.13μm CMOS standard-cell-based design technique using schmitt-trigger logic}},
	Year = {2011}}

@inproceedings{Roy:2008gg,
	Author = {Roy, Kaushik and Kulkarni, Jaydeep P and Hwang, Myeong-Eun},
	Booktitle = {2008 IEEE Topical Meeting on Silicon Monolithic Integrated Circuits in RF Systems},
	Pages = {42--45},
	Publisher = {IEEE},
	Title = {{2008 IEEE Topical Meeting on Silicon Monolithic Integrated Circuits in RF Systems}},
	Year = {2008}}

@inproceedings{Ochii:1985dc,
	Author = {Ochii, K and Yasuda, H and Kobayashi, K and Kondoh, T and Masuoka, F},
	Booktitle = {1985 IEEE International Solid-State Circuits Conference},
	Pages = {64--65},
	Publisher = {Institute of Electrical and Electronics Engineers},
	Title = {{1985 IEEE International Solid-State Circuits Conference. Digest of Technical Papers}},
	Year = {1985}}

@article{Kulkarni:2012tj,
	Author = {Kulkarni, J P and Roy, K},
	Journal = {Very Large Scale Integration (VLSI) Systems, IEEE Transactions on},
	Month = feb,
	Number = {2},
	Pages = {319--332},
	Title = {{Ultralow-Voltage Process-Variation-Tolerant Schmitt-Trigger-Based SRAM Design}},
	Volume = {20},
	Year = {2012}}

@article{Phillips:2009gz,
	Author = {Phillips, Stanley D and Thrivikraman, T and Appaswamy, Aravind and Sutton, Akil K and Cressler, John D and Vizkelethy, Gyorgy and Dodd, Paul E and Reed, Robert A},
	Journal = {IEEE Trans. Nucl. Sci.},
	Number = {6},
	Pages = {3393--3401},
	Title = {{A Novel Device Architecture for SEU Mitigation: The Inverse-Mode Cascode SiGe HBT}},
	Volume = {56},
	Year = {2009}}

@article{King:2012cb,
	Author = {King, Michael P and Reed, Robert A and Weller, Robert A and Mendenhall, Marcus H and Schrimpf, Ronald D. and Pate, Nicholas D and Auden, Elizabeth C and Weeden-Wright, Stephanie L},
	Journal = {Appl. Phys. Lett.},
	Month = aug,
	Number = {5},
	Pages = {053509--053509--3},
	Title = {{Radial characteristics of heavy-ion track structure and implications of delta-ray events for microelectronics}},
	Volume = {101},
	Year = {2012}}

@article{Gerardin:2010dm,
	Author = {Gerardin, Simone and Bagatin, Marta and Paccagnella, Alessandro and Cellere, G. and Visconti, A. and Bonanomi, M. and Hjalmarsson, A and Prokofiev, A V},
	Journal = {IEEE Trans. Nucl. Sci.},
	Number = {6},
	Pages = {3199--3205},
	Title = {{Heavy-Ion Induced Threshold Voltage Tails in Floating Gate Arrays}},
	Volume = {57},
	Year = {2010}}

@article{Valentin:2012it,
	Author = {Valentin, Audrey and Raine, M{\'e}lanie and Sauvestre, J.-E and Gaillardin, Marc and Paillet, Philippe},
	Journal = {Nuclear Instruments and Methods in Physics Research Section B: Beam Interactions with Materials and Atoms},
	Month = oct,
	Pages = {66--73},
	Title = {{Geant4 physics processes for microdosimetry simulation: Very low energy electromagnetic models for electrons in silicon}},
	Volume = {288},
	Year = {2012}}

@article{Barak:2012im,
	Author = {Barak, J and Murat, M and Akkerman, A},
	Journal = {Nucl. Instrum. Meth. B},
	Month = sep,
	Pages = {113--119},
	Title = {{SEU due to electrons in silicon devices with nanometric sensitive volumes and small critical charge}},
	Volume = {287},
	Year = {2012}}

@article{Li:2012jn,
	Author = {Li, Hui and Cao, Jie and Zheng, Wenshan and Chen, Yulin and Wu, Di and Dang, Wenhui and Wang, Kai and Peng, Hailin and Liu, Zhongfan},
	Journal = {J. Am. Chem. Soc.},
	Month = apr,
	Number = {14},
	Pages = {6132--6135},
	Title = {{Controlled Synthesis of Topological Insulator Nanoplate Arrays on Mica}},
	Volume = {134},
	Year = {2012}}

@article{King:2011wb,
	Author = {King, Michael P},
	Journal = {etd.library.vanderbilt.edu},
	Month = aug,
	Title = {{THE IMPACT OF DELTA-RAYS ON SINGLE-EVENT UPSETS IN HIGHLY SCALED SOI SRAMs}},
	Year = {2011}}

@article{elMamouni:2011tz,
	Author = {El-Mamouni, Farah and Zhang, Enxia X and Schrimpf, Ronald D.},
	Journal = {{\ldots} (IRPS)},
	Title = {{Pulsed laser-induced transient currents in bulk and silicon-on-insulator FinFETs}},
	Year = {2011}}

@article{ElMamouni:2012wg,
	Author = {El Mamouni, Farah},
	Month = aug,
	Title = {{SINGLE-EVENT-TRANSIENT EFFECTS IN SUB-70 NM BULK AND SOI FINFETS}},
	Year = {2012}}

@article{Fleetwood:1986ug,
	Author = {Fleetwood, Daniel M and Winokur, Peter S and Lorence, L J and Beezhold, W and Dressendorfer, P V and Schwank, Jim R},
	Date-Modified = {2013-10-11 01:12:08 +0000},
	Journal = {IEEE Trans. Nucl. Sci.},
	Month = {Dec.},
	Number = {6},
	Pages = {1245--1251},
	Title = {{The response of MOS devices to dose-enhanced low-energy radiation}},
	Volume = {33},
	Year = {1986}}

@article{Dozier:1983wx,
	Author = {Dozier, C M and Brown, D B},
	Date-Modified = {2013-10-11 01:11:47 +0000},
	Journal = {IEEE Trans. Nucl. Sci.},
	Month = {Dec.},
	Number = {6},
	Pages = {4382--4387},
	Title = {{The use of low energy x-rays for device testing - a comparison with Co-60 radiation}},
	Volume = {30},
	Year = {1983}}

@inproceedings{Seifert:jd,
	Author = {Seifert, N and Gill, B and Foley, K and Relangi, P},
	Booktitle = {2008 IEEE International Reliability Physics Symposium (IRPS)},
	Pages = {181--186},
	Publisher = {IEEE},
	Title = {{Multi-cell upset probabilities of 45nm high-k + metal gate SRAM devices in terrestrial and space environments}}}

@phdthesis{Sierawski:2011tc,
	Address = {Nashville, TN.},
	Author = {Sierawski, Brian D},
	School = {Ph.D. dissertation, Electrical Engineering and Computer Science Dept., Vanderbilt University},
	Title = {{The role of singly-charged particles in microelectronics reliability}},
	Year = {2011}}

@article{Seifert:2011cy,
	Author = {Seifert, Norbert and Gill, Balkaran and Pellish, Jonathan A and Marshall, Paul W and LaBel, Kenneth A},
	Journal = {IEEE Trans. Nucl. Sci.},
	Month = dec,
	Number = {6},
	Pages = {2711--2718},
	Title = {{The Susceptibility of 45 and 32 nm Bulk CMOS Latches to Low-Energy Protons}},
	Volume = {58},
	Year = {2011}}

@article{Heidel:2009iu,
	Author = {Heidel, David F and Marshall, Paul W and Pellish, Jonathan A and Rodbell, Kenneth P and LaBel, Kenneth A and Schwank, James R and Rauch, Stewart E and Hakey, Mark C and Berg, Melanie D and Castaneda, Carlos M and Dodd, Paul E and Friendlich, Mark R and Phan, Anthony D and Seidleck, Christina M and Shaneyfelt, Marty R and Xapsos, Michael A},
	Date-Modified = {2013-10-11 01:10:19 +0000},
	Journal = {IEEE Trans. Nucl. Sci.},
	Month = {Dec.},
	Number = {6},
	Pages = {3499--3504},
	Title = {{Single-event upsets and multiple-bit upsets on a 45 nm SOI SRAM}},
	Volume = {56},
	Year = {2009}}

@article{Raine:2012gi,
	Author = {Raine, M{\'e}lanie and Valentin, Audrey and Gaillardin, Marc and Paillet, Philippe},
	Date-Modified = {2013-10-11 01:18:39 +0000},
	Journal = {IEEE Trans. Nucl. Sci.},
	Month = dec,
	Number = {6},
	Pages = {2697--2703},
	Title = {{Improved simulation of ion track structures using new Geant4 models{--}impact on the modeling of advanced technologies response}},
	Volume = {59},
	Year = {2012}}

@article{elMamouni:hn,
	Author = {El-Mamouni, Farah and Zhang, Enxia X and Ball, Dennis R and Sierawski, Brian D and King, Michael P and Schrimpf, Ronald D. and Reed, Robert A and Alles, Michael L and Fleetwood, Daniel M and Linten, D and Simoen, E and Vizkelethy, Gyorgy},
	Journal = {IEEE Trans. Nucl. Sci.},
	Number = {6},
	Pages = {2674--2681},
	Title = {{Heavy-Ion-Induced Current Transients in Bulk and SOI FinFETs}},
	Volume = {59}}

@article{Ramachandran:gy,
	Author = {Ramachandran, Vishwa and Reed, Robert A and Schrimpf, Ronald D. and McMorrow, Dale and Boos, J Brad and King, Michael P and Zhang, Enxia X and Vizkelethy, Gyorgy and Shen, X and Pantelides, S.T.},
	Journal = {IEEE Trans. Nucl. Sci.},
	Number = {6},
	Pages = {2691--2696},
	Title = {{Single-Event Transient Sensitivity of InAlSb/InAs/AlGaSb High Electron Mobility Transistors}},
	Volume = {59}}

@article{Auden:gc,
	Author = {Auden, Elizabeth C and Weller, Robert A and Mendenhall, Marcus H and Reed, Robert A and Schrimpf, Ronald D. and Hooten, Nicholas C and King, Michael P},
	Journal = {IEEE Trans. Nucl. Sci.},
	Number = {6},
	Pages = {3054--3061},
	Title = {{Single Particle Displacement Damage in Silicon}},
	Volume = {59}}

@article{Fleetwood:1987cf,
	Author = {Fleetwood, Daniel M and Dressendorfer, P V},
	Journal = {IEEE Trans. Nucl. Sci.},
	Month = dec,
	Number = {6},
	Pages = {1408--1413},
	Title = {{A simple method to identify radiation and annealing biases that lead to worst-case CMOS static RAM postirradiation response}},
	Volume = {34},
	Year = {1987}}

@article{Lavrijsen:2013bf,
	Author = {Lavrijsen, Reinoud and Lee, Ji-Hyun and Fern{\'a}ndez-Pacheco, Amalio and Petit, Doroth{\'e}e C M C and Mansell, Rhodri and Cowburn, Russell P},
	Journal = {Nature},
	Month = jan,
	Number = {7434},
	Pages = {647--650},
	Title = {{Magnetic ratchet for three-dimensional spintronic memory and logic}},
	Volume = {493},
	Year = {2013}}

@article{Bhuva:1990dx,
	Author = {Bhuva, B and Mehrotra, S and Massengill, Lloyd W and Kerns, S},
	Journal = {IEEE Trans. Nucl. Sci.},
	Number = {6},
	Pages = {2104--2109},
	Title = {{Automated photocurrent and bussing extraction for dose-rate rail span collapse simulations}},
	Volume = {37},
	Year = {1990}}

@article{Massengill:1984hn,
	Author = {Massengill, Lloyd W. and Diehl-Nagle, Sherra E},
	Journal = {IEEE Trans. Nucl. Sci.},
	Number = {6},
	Pages = {1337--1343},
	Title = {{Transient Radiation Upset Simulations of CMOS Memory Circuits}},
	Volume = {31},
	Year = {1984}}

@article{Massengill:1985gd,
	Author = {Massengill, Lloyd W and Diehl-Nagle, S E and Wrobel, T F},
	Journal = {IEEE Trans. Nucl. Sci.},
	Month = dec,
	Number = {6},
	Pages = {4026--4030},
	Title = {{Analysis of Transient Radiation Upset in a 2K SRAM}},
	Volume = {32},
	Year = {1985}}

@article{Massengill:1986kp,
	Author = {Massengill, Lloyd W and Diehl, S E and Browning, J S},
	Journal = {IEEE Trans. Nucl. Sci.},
	Month = dec,
	Number = {6},
	Pages = {1541--1545},
	Title = {{Dose-Rate Upset Patterns in a 16K CMOS SRAM}},
	Volume = {33},
	Year = {1986}}

@article{Xapsos:2013cu,
	Author = {Xapsos, M.A and O'Neill, P M and O'Brien, T P},
	Date-Modified = {2013-10-11 01:07:39 +0000},
	Journal = {IEEE Trans. Nucl. Sci.},
	Month = {June},
	Number = {3},
	Pages = {1691--1705},
	Title = {{Near-earth space radiation models}},
	Volume = {60},
	Year = {2013}}

@article{Cardoza:2012dk,
	Author = {Cardoza, D M and LaLumondiere, S D and Tockstein, M A and Witczak, S.C and Sin, Y and Foran, B J and Lotshaw, W T and Moss, S C},
	Journal = {IEEE Trans. Nucl. Sci.},
	Month = dec,
	Number = {6},
	Pages = {2729--2738},
	Title = {{Single Event Transients Induced by Picosecond Pulsed X-Ray Absorption in III-V Heterojunction Transistors}},
	Volume = {59},
	Year = {2012}}

@article{Foster:2012eq,
	Author = {Foster, C C and O'Neill, P M and Reddell, B D and Nguyen, K V and Jones, B H and Roche, N J-M and Warner, J and Buchner, S},
	Journal = {IEEE Trans. Nucl. Sci.},
	Month = dec,
	Number = {6},
	Pages = {2909--2913},
	Title = {{Certification of Parts for Space With the Variable Depth Bragg Peak Method}},
	Volume = {59},
	Year = {2012}}

@article{Buchner:gu,
	Author = {Buchner, S and Kanyogoro, N and McMorrow, Dale and Foster, C C and O'Neill, Patrick M and Nguyen, Kyson V},
	Journal = {IEEE Trans. Nucl. Sci.},
	Number = {6},
	Pages = {2976--2982},
	Title = {{Variable Depth Bragg Peak Method for Single Event Effects Testing}},
	Volume = {58}}

@article{Dodds:2012eh,
	Author = {Dodds, Nathaniel A and Hooten, N C and Reed, Robert A and Schrimpf, Ronald D. and Warner, J H and Roche, N J H and McMorrow, Dale and Wen, S J and Wong, R and Salzman, J F and Jordan, S and Pellish, Jonathan A and Marshall, C.J. and Gaspard, N.J and Bennett, W G and Zhang, Enxia X and Bhuva, B},
	Journal = {IEEE Trans. Nucl. Sci.},
	Month = dec,
	Number = {6},
	Pages = {2642--2650},
	Title = {{Effectiveness of SEL Hardening Strategies and the Latchup Domino Effect}},
	Volume = {59},
	Year = {2012}}

@article{Kirchmair:2013gu,
	Author = {Kirchmair, Gerhard and Vlastakis, Brian and Leghtas, Zaki and Nigg, Simon E and Paik, Hanhee and Ginossar, Eran and Mirrahimi, Mazyar and Frunzio, Luigi and Girvin, S M and Schoelkopf, R J},
	Journal = {Nature},
	Month = mar,
	Number = {7440},
	Pages = {205--209},
	Title = {{Observation of quantum state collapse and revival due to the single-photon Kerr effect}},
	Volume = {495},
	Year = {2013}}

@article{Taylor:2011ih,
	Author = {Taylor, Ben and Vacanti, Giuseppe and Maddox, Erik and Underwood, Craig I},
	Journal = {IEEE Trans. Nucl. Sci.},
	Month = dec,
	Number = {6},
	Pages = {2785--2792},
	Title = {{The Interplanetary Electron Model (IEM)}},
	Volume = {58},
	Year = {2011}}

@article{Wang:2013en,
	Author = {Wang, Huanlei and Xu, Zhanwei and Kohandehghan, Alireza and Li, Zhi and Cui, Kai and Tan, Xuehai and Stephenson, Tyler James and King'ondu, Cecil K and Holt, Chris M B and Olsen, Brian C and Tak, Jin Kwon and Harfield, Don and Anyia, Anthony O and Mitlin, David},
	Journal = {ACS Nano},
	Month = may,
	Pages = {130509154326006},
	Title = {{Interconnected Carbon Nanosheets Derived from Hemp for Ultrafast Supercapacitors with High Energy}},
	Year = {2013}}

@article{Francis:2011vp,
	Author = {Francis, Sarah Ashley},
	Journal = {etd.library.vanderbilt.edu},
	Month = nov,
	Title = {{Aging and Irradiation Response of 1/f Noise in Metal Oxide Semiconductor Devices}},
	Year = {2011}}

@inproceedings{Dong:if,
	Author = {Dong, Wei and Li, Peng and Huang, Garng M},
	Booktitle = {2008 IEEE/ACM International Conference on Computer-Aided Design (ICCAD)},
	Pages = {378--385},
	Publisher = {IEEE},
	Title = {{SRAM dynamic stability: Theory, variability and analysis}}}

@article{Kang:bo,
	Author = {Kang, Kunhyuk and Kufluoglu, Haldun and Roy, Kaushik and Ashraful Alam, Muhammad},
	Journal = {IEEE Trans. Comput.-Aided Des. Integr. Circuits Syst.},
	Number = {10},
	Pages = {1770--1781},
	Title = {{Impact of Negative-Bias Temperature Instability in Nanoscale SRAM Array: Modeling and Analysis}},
	Volume = {26}}

@inproceedings{Kumar:bo,
	Author = {Kumar, S V and Kim, C H and Sapatnekar, S S},
	Booktitle = {7th International Symposium on Quality Electronic Design (ISQED'06)},
	Pages = {210--218},
	Publisher = {IEEE},
	Title = {{Impact of NBTI on SRAM Read Stability and Design for Reliability}}}

@article{Grossar:2006wd,
	Author = {Grossar, Evelyn and Stucchi, Michele and Maex, Karen and Dehaene, Wim},
	Journal = {Solid-State Circuits, IEEE Journal of},
	Number = {11},
	Pages = {2577--2588},
	Title = {{Read stability and write-ability analysis of SRAM cells for nanometer technologies}},
	Volume = {41},
	Year = {2006}}

@article{Schwank:1987fq,
	Author = {Schwank, Jim R and Fleetwood, Daniel M and Winokur, Peter S and Dressendorfer, P V and Turpin, D C and Sanders, D T},
	Date-Modified = {2013-10-11 01:13:07 +0000},
	Journal = {IEEE Trans. Nucl. Sci.},
	Month = {Dec.},
	Number = {6},
	Pages = {1152--1158},
	Title = {{The role of hydrogen in radiation-induced defect formation in polysilicon gate MOS devices}},
	Volume = {34},
	Year = {1987}}

@article{Seifert:2012wl,
	Author = {Seifert, Norbert and Kirsch, Matthew},
	Title = {{Real-Time Soft-Error Testing Results of 45-nm, High-K Metal Gate, Bulk CMOS SRAMs}},
	Year = {2012}}

@article{Bourdarie:kj,
	Author = {Bourdarie, S{\'E}bastien and Xapsos, Michael},
	Date-Modified = {2013-10-11 01:07:18 +0000},
	Journal = {IEEE Trans. Nucl. Sci.},
	Month = {Aug.},
	Number = {4},
	Pages = {1810--1832},
	Title = {{The near-earth space radiation environment}},
	Volume = {55},
	Year = {2008}}

@article{Shinn:1998bf,
	Author = {Shinn, J L and Cucinotta, F A and Simonsen, L C and Wilson, J W and Badavi, F F and Badhwar, G D and Miller, J and Zeitlin, C and Heilbronn, L and Tripathi, R K and Clowdsley, M S and Heinbockel, J H and Xapsos, M.A},
	Journal = {IEEE Trans. Nucl. Sci.},
	Number = {6},
	Pages = {2711--2719},
	Title = {{Validation of a comprehensive space radiation transport code}},
	Volume = {45},
	Year = {1998}}

@article{Guo:2013jk,
	Author = {Guo, Rui and You, Lu and Zhou, Yang and Shiuh Lim, Zhi and Zou, Xi and Chen, Lang and Ramesh, R and Wang, Junling},
	Journal = {Nat Comms},
	Month = jun,
	Title = {{Non-volatile memory based on the ferroelectric photovoltaic effect}},
	Volume = {4},
	Year = {2013}}

@article{Simoen:2013jw,
	Author = {Simoen, E and Gaillardin, Marc and Paillet, Philippe and Reed, Robert A and Schrimpf, Ronald D. and Alles, Michael L and El-Mamouni, Farah and Fleetwood, Daniel M and Griffoni, A and Claeys, C},
	Journal = {IEEE Trans. Nucl. Sci.},
	Number = {3},
	Pages = {1970--1991},
	Title = {{Radiation Effects in Advanced Multiple Gate and Silicon-on-Insulator Transistors}},
	Volume = {60},
	Year = {2013}}

@article{Srour:kq,
	Author = {Srour, J R and Palko, J W},
	Journal = {IEEE Trans. Nucl. Sci.},
	Number = {3},
	Pages = {1740--1766},
	Title = {{Displacement Damage Effects in Irradiated Semiconductor Devices}},
	Volume = {60}}

@article{Fleetwood:dy,
	Author = {Fleetwood, Daniel M},
	Journal = {IEEE Trans. Nucl. Sci.},
	Number = {3},
	Pages = {1706--1730},
	Title = {{Total ionizing dose effects in mos and low-dose-rate-sensitive linear-bipolar devices}},
	Volume = {60}}

@article{Wang:2013el,
	Author = {Wang, Xiaoming and Zgadzaj, Rafal and Fazel, Neil and Li, Zhengyan and Yi, S A and Zhang, Xi and Henderson, Watson and Chang, Y Y and Korzekwa, R and Tsai, H E and Pai, C H and Quevedo, H and Dyer, G and Gaul, E and Martinez, M and Bernstein, A C and Borger, T and Spinks, M and Donovan, M and Khudik, V and Shvets, G and Ditmire, T and Downer, M. C},
	Journal = {Nat Comms},
	Month = jun,
	Pages = {--},
	Title = {{Quasi-monoenergetic laser-plasma acceleration of electrons to 2 GeV}},
	Volume = {4},
	Year = {2013}}

@article{Lee:2013df,
	Author = {Lee, Chee Huei and Qin, Shengyong and Savaikar, Madhusudan A and Wang, Jiesheng and Hao, Boyi and Zhang, Dongyan and Banyai, Douglas and Jaszczak, John A and Clark, Kendal W and Idrobo, Juan-Carlos and Li, An-Ping and Yap, Yoke Khin},
	Journal = {Adv. Mater.},
	Month = jun,
	Pages = {n/a--n/a},
	Title = {{Room-Temperature Tunneling Behavior of Boron Nitride Nanotubes Functionalized with Gold Quantum Dots}},
	Year = {2013}}

@article{Palmer:2013vh,
	Author = {Palmer, Christopher},
	Journal = {arXiv},
	Month = may,
	Title = {{CMS Measurements of the Higgs-like Boson In the Two Photon Decay Channel}},
	Year = {2013}}

@article{Wallmark:1962vn,
	Author = {Wallmark, J T and Marcus, S M},
	Journal = {Proceedings of the IRE},
	Number = {3},
	Pages = {286--298},
	Title = {{Minimum size and maximum packing density of nonredundant semiconductor devices}},
	Volume = {50},
	Year = {1962}}

@article{Sierawski:2009ka,
	Author = {Sierawski, Brian D and Pellish, Jonathan A and Reed, Robert A and Schrimpf, Ronald D. and Warren, Kevin M and Weller, Robert A and Mendenhall, Marcus H and Black, Jeffrey D and Tipton, Alan D and Xapsos, Michael A and Baumann, Robert C and Deng, Xiaowei and Campola, Michael J and Friendlich, Mark R and Kim, Hak S and Phan, Anthony M and Seidleck, Christina M},
	Date-Modified = {2013-10-11 01:10:48 +0000},
	Journal = {IEEE Trans. Nucl. Sci.},
	Month = {Dec.},
	Number = {6},
	Pages = {3085--3092},
	Title = {{Impact of low-energy proton induced upsets on test methods and rate predictions}},
	Volume = {56},
	Year = {2009}}

@article{Iafrate:1979dd,
	Author = {Iafrate, G J and Ziegler, J F},
	Journal = {J. Appl. Phys.},
	Number = {9},
	Pages = {5579--5581},
	Title = {{Numerical evaluation of Lindhard's theory of stopping power for a charged particle in a free‐electron gas}},
	Volume = {50},
	Year = {1979}}

@article{OGorman:1994gx,
	Author = {O'Gorman, T J},
	Journal = {IEEE Trans. Elec. Dev.},
	Month = apr,
	Number = {4},
	Pages = {553--557},
	Title = {{The effect of cosmic rays on the soft error rate of a DRAM at ground level}},
	Volume = {41},
	Year = {1994}}

@article{Ziegler:1979vh,
	Author = {Ziegler, J F and Lanford, W A},
	Journal = {{\ldots} Science},
	Number = {4420},
	Pages = {776--788},
	Title = {{Effect of cosmic rays on computer memories}},
	Volume = {206},
	Year = {1979}}

@article{DasGupta:2012ws,
	Author = {DasGupta, Sandeepan and Biedermann, Laura B and Sun, Min and Kaplar, Robert and Marinella, Matthew and Zavadil, Kevin R and Atcitty, Stan and Palacios, Tomas},
	Journal = {Appl. Phys. Lett.},
	Number = {24},
	Pages = {243506--243506--4},
	Title = {{Role of barrier structure in current collapse of AlGaN/GaN high electron mobility transistors}},
	Volume = {101},
	Year = {2012}}

@article{DasGupta:cc,
	Author = {DasGupta, Sandeepan and Sun, Min and Armstrong, Andrew and Kaplar, Robert J and Marinella, Matthew J and Stanley, James B and Atcitty, Stan and Palacios, Tomas},
	Journal = {IEEE Trans. Elec. Dev.},
	Number = {8},
	Pages = {2115--2122},
	Title = {{Slow Detrapping Transients due to Gate and Drain Bias Stress in High Breakdown Voltage AlGaN/GaN HEMTs}},
	Volume = {59}}

@article{DasGupta:2011cv,
	Author = {DasGupta, Sandeepan and Armstrong, Andrew and Kaplar, Robert and Marinella, Matthew and Brock, Reinhard and Smith, Mark and Atcitty, Stan},
	Journal = {Appl. Phys. Lett.},
	Number = {17},
	Pages = {173502},
	Title = {{Sub-bandgap light-induced carrier generation at room temperature in 4H-SiC metal oxide semiconductor capacitors}},
	Volume = {99},
	Year = {2011}}

@article{DasGupta:2011ui,
	Author = {DasGupta, Sandeepan and Brock, Reinhard and Kaplar, Robert and Marinella, Matthew and Smith, Mark and Atcitty, Stanley},
	Journal = {Appl. Phys. Lett.},
	Number = {2},
	Pages = {023503--023503--3},
	Title = {{Extraction of trapped charge in 4H-SiC metal oxide semiconductor field effect transistors from subthreshold characteristics}},
	Volume = {99},
	Year = {2011}}

@article{DasGupta:2013cl,
	Author = {DasGupta, S and Kaplar, R J and Atcitty, S and Marinella, M J},
	Journal = {Electron Devices, IEEE Transactions on},
	Number = {8},
	Pages = {2619--2625},
	Title = {{Photocapacitance Decay Technique for Interface Trap Characterization Near Inversion Band in Wide Bandgap MOS Capacitors}},
	Volume = {60},
	Year = {2013}}

@article{DasGupta:2010to,
	Author = {DasGupta, Sandeepan},
	Journal = {etd.library.vanderbilt.edu},
	Month = nov,
	Title = {{DC AND SMALL SIGNAL DEGRADATION IN INAS - ALSB HEMTS UNDER HOT CARRIER STRESS}},
	Year = {2010}}

@inproceedings{Nii:ij,
	Author = {Nii, K and Yabuuchi, M and Tsukamoto, Y and Ohbayashi, S and Oda, Y and Usui, K and Kawamura, T and Tsuboi, N and Iwasaki, T and Hashimoto, K and Makino, H and Shinohara, H},
	Booktitle = {2008 IEEE Symposium on VLSI Circuits},
	Pages = {212--213},
	Publisher = {IEEE},
	Title = {{A 45-nm single-port and dual-port SRAM family with robust read/write stabilizing circuitry under DVFS environment}}}

@article{Murat:2013it,
	Author = {Murat, M and Barak, J and Akkerman, A},
	Journal = {IEEE Trans. Nucl. Sci.},
	Number = {4},
	Pages = {3092--3103},
	Title = {{Calculation of Cross Section for Ion-Induced SEU Through Direct Ionization in Nanometric Silicon Devices With Small Critical Energy}},
	Volume = {60},
	Year = {2013}}

@article{Liu:2013vf,
	Author = {Liu, Guanxiong and Ahsan, Sonia and Khitun, Alexander G and Lake, Roger K and Balandin, Alexander A},
	Month = aug,
	Title = {{Graphene-Based Non-Boolean Logic Circuits}},
	Year = {2013}}

@article{Samberg:2013hp,
	Author = {Samberg, Joshua P and Zachary Carlin, C and Bradshaw, Geoff K and Colter, Peter C and Harmon, Jeffrey L and Allen, J B and Hauser, John R and Bedair, S M},
	Journal = {Appl. Phys. Lett.},
	Number = {10},
	Pages = {103503--103503--4},
	Title = {{Effect of GaAs interfacial layer on the performance of high bandgap tunnel junctions for multijunction solar cells}},
	Volume = {103},
	Year = {2013}}

@article{Henke:1993tq,
	Author = {Henke, B L and Gullikson, E M and Davis, J C},
	Journal = {Atomic data and nuclear data tables},
	Title = {{X-Ray Interactions: Photoabsorption, Scattering, Transmission, and Reflection at E = 50-30,000 eV, Z = 1-92}},
	Year = {1993}}

@article{Bhuva:1987tq,
	Author = {Bhuva, B and Johnson, R L and Gyurcsik, R S and Fernald, K W and Kernstt, S E and Stapor, W.J and {Campbell, AB} and Xapsos, M.A},
	Journal = {IEEE Trans. Nucl. Sci.},
	Number = {6},
	Pages = {1414--1418},
	Title = {{Quantification of the memory imprint effect for a charged particle environment}},
	Volume = {34},
	Year = {1987}}

@article{Wirth:1964kp,
	Author = {Wirth, J L and Rogers, S C},
	Journal = {IEEE Trans. Nucl. Sci.},
	Month = nov,
	Number = {5},
	Pages = {24--38},
	Title = {{The Transient Response of Transistors and Diodes to Ionizing Radiation}},
	Volume = {11},
	Year = {1964}}

@article{Jordan:1960ej,
	Author = {Jordan, A G and Milnes, A G},
	Journal = {Electron Devices, IRE Transactions on},
	Month = oct,
	Number = {4},
	Pages = {242--251},
	Title = {{Photoeffect on diffused P-N junctions with integral field gradients}},
	Volume = {7},
	Year = {1960}}

@article{Long:1983fg,
	Author = {Long, David M and Florian, Joseph R and Casey, Richard H},
	Journal = {IEEE Trans. Nucl. Sci.},
	Month = dec,
	Number = {6},
	Pages = {4131--4134},
	Title = {{Transient Response Model for Epitaxial Transistors}},
	Volume = {30},
	Year = {1983}}
